2858 4612
228 459 302 516 Plut.
320 458 389 515 Fab.
408 477 433 514 v.
452 459 469 512 ὅ
827 455 944 511 Diodor.
962 458 1005 511 26.
1023 457 1040 510 3

197 571 213 608 e
231 554 343 609 Valerio
362 554 476 608 Antiate
863 569 879 609 e
898 551 988 608 Fabio

94 668 130 740 οἳ
150 672 209 742 τὸν
229 678 289 760 μὲν
307 673 434 760 Φάβιον
455 673 625 742 οκώπτον-
666 670 711 754 ὥς
732 675 769 743 δὲ
790 671 849 741 οὐκ
871 672 1023 755 ἔπειθεν,
1047 669 1065 739 ὁ
1088 674 1191 762 δῆμος

92 811 148 865 τες
170 785 226 852 καὶ
246 793 535 876 καταφρονοῦντες,
555 782 625 852 Ἀν-
666 793 732 854 τῶν
739 783 904 877 Ῥωμαίων
915 783 1121 874 ἐβλασφήμει
1134 783 1191 851 τὸν

93 894 188 982 νίβον
201 898 459 985 παιδαγωγὸν
479 895 625 965 οἷπεκᾶ-
667 897 852 987 δικτάτορα,
868 897 924 964 καὶ
938 896 1191 984 παιδαγωγὸν

92 1008 193 1075 λοον.
659 1007 864 1076 ἐπικαλῶν
906 1003 1006 1075 αὐτὸν
1042 997 1190 1089 ὠνείδιζε

661 1121 720 1211 τὴν
742 1119 876 1189 δειλίαν.
954 1130 959 1139 ’

32 1308 34 1313 ,
321 1256 382 1306 v.6
897 1253 976 1306 26.4
1012 1266 1016 1273 ·

93 1340 228 1433 ὥσπερ
272 1344 402 1425 δεινὸς
443 1340 623 1435 ἀθλητὴς
664 1343 843 1434 καθάπερ
897 1345 957 1434 γὰρ
1010 1341 1191 1434 ἀθλητὴς

92 1454 196 1544 λαβὴν
212 1455 322 1543 ζητῶν,
343 1457 551 1544 προσέβαλλε
565 1455 620 1522 καὶ
664 1451 818 1543 ἀγαθὸς
847 1453 954 1522 πολύν
973 1452 1087 1543 χρόνον
1107 1481 1191 1543 χειρ-

93 1565 291 1655 διετάραττε.
660 1566 863 1656 αλειπτήσας
893 1567 952 1634 ἐπὶ
985 1566 1042 1632 τὸν
1078 1562 1188 1654 ἀγῶνα

663 1685 816 1767 καταντᾷ,

176 1782 323 1857 Valerius
345 1792 457 1858 Antias
476 1791 619 1858 laudavit
639 1798 760 1857 veteres
783 1791 943 1856 Romanas
965 1796 1073 1874 gentes
1095 1790 1191 1856 Vale·

91 1903 173 1983 rios,
209 1903 324 1969 Fabios
347 1910 552 1986 senatumque
573 1905 751 1969 Romanum
780 1903 834 1985 (cf.
856 1903 895 1968 fr.
918 1903 990 1987 21),
1029 1902 1192 1986 Scipiones

92 2013 296 2096 reprehendit
324 2013 377 2093 (es.
399 2013 437 2079 fr.
460 2013 502 2078 25
524 2020 556 2079 et
576 2014 617 2079 fr.
639 2014 710 2094 37);
746 2034 910 2091 numeres,
945 2033 1025 2094 quos
1055 2013 1191 2079 traditos

91 2124 232 2206 accepit,
254 2125 407 2208 augebat,
435 2132 564 2209 captos,
593 2147 702 2192 caesos
725 2131 756 2192 et
779 2127 869 2211 signa
890 2126 1042 2192 militaria
1064 2145 1192 2191 enume-
1316 2178 1324 2191 .

92 2234 194 2300 rabat.

177 2345 314 2411 Nitsehii
342 2347 530 2412 sententiam
557 2324 645 2413 locos
672 2347 786 2430 quibus
808 2347 916 2411 Livius
936 2351 1003 2410 tam
1025 2345 1192 2429 diligenter

91 2457 253 2539 signorum
283 2454 348 2520 mil.
376 2476 541 2520 numerum
569 2457 684 2535 tradit,
722 2456 888 2521 eValerio
910 2456 1039 2520 Antiate
1061 2456 1192 2521 haustos

92 2589 170 2647 esse,
193 2573 312 2632 certam
337 2567 439 2633 habeo
461 2575 493 2633 et
514 2591 564 2633 me
585 2568 739 2633 nonnulla
759 2568 824 2633 alia
839 2568 1029 2633 documenta
1049 2589 1108 2653 pro
1130 2569 1192 2634 hao

37 2700 44 2706 ·
92 2680 249 2745 sententia
270 2680 440 2763 probanda
461 2682 659 2765 prolaturum
681 2701 749 2746 esse
770 2701 872 2764 spero.

179 2792 259 2868 Quia
288 2791 401 2867 (laelii.
418 2814 497 2875 opus
526 2794 665 2857 omnium
694 2792 728 2856 in
757 2792 903 2857 manibus
930 2799 1015 2873 erat,
1052 2814 1074 2858 a
1101 2792 1190 2857 Livio

94 2901 218 2983 neglegi
239 2923 304 2967 non
325 2904 447 2985 potuit;
469 2925 540 2968 oum
561 2925 635 2969 vero
656 2903 737 2968 Livii
758 2903 831 2968 libri
855 2925 884 2968 a.
905 2926 937 2969 u.
960 2927 987 2970 o.
1010 2906 1074 2970 iam
1095 2906 1189 2970 titulo

94 3011 258 3078 annalium
279 3012 413 3078 formam
436 3014 651 3092 ostenderent,
672 3012 780 3078 Livius
802 3013 878 3079 belli
900 3015 1012 3080 Punici
1033 3016 1192 3081 narratio-

93 3144 165 3188 nem
195 3125 229 3188 in
258 3131 377 3203 certam
405 3129 581 3206 temporum
610 3125 766 3189 rationem
788 3123 927 3207 redegit3
962 3125 1071 3206 itaque
1092 3145 1192 3190 anna·

92 3234 170 3300 lium
192 3235 378 3319 scriptorem
398 3234 488 3299 illum
512 3236 544 3298 in
566 3255 658 3301 usum
679 3235 818 3311 vocavit,
840 3235 896 3317 qui
917 3236 959 3301 ab
981 3236 1072 3300 initio
1094 3235 1193 3300 libro-

91 3368 163 3411 rum
185 3368 212 3412 a.
236 3370 267 3411 u.
291 3368 318 3412 c.
340 3346 581 3411 fundamentum
602 3346 727 3426 fuerat,
749 3345 872 3420 Valerii
892 3346 1028 3411 Antiatis
1050 3346 1192 3424 annales,

92 3476 172 3538 quos
193 3459 227 3522 in
249 3458 475 3541 legationibus,
497 3459 667 3542 prodigiis,
689 3457 907 3536 contionibus,
935 3456 1071 3523 comitiis
1092 3457 1186 3522 omni·

92 3587 196 3649 noque
217 3567 253 3632 in
274 3568 366 3632 rebus
388 3569 518 3634 urbanis
540 3569 728 3634 enarrandis
749 3575 877 3634 secutus
899 3575 947 3634 est

178 3680 390 3759 Quamobrem
416 3689 453 3746 ut
483 3682 516 3746 in
545 3687 659 3763 quarta
689 3687 721 3746 et
750 3681 862 3764 quinta
891 3679 1009 3745 decade
1036 3681 1117 3747 Livii
1146 3682 1192 3746 sie

93 3811 218 3873 quoque
246 3793 280 3856 in
308 3792 404 3856 tertia
432 3791 510 3856 duas
536 3792 725 3857 traditiones
747 3790 956 3856 sesemendas
977 3811 1046 3856 esse
1067 3812 1191 3871 censeo,

93 3919 228 3981 quarum
250 3899 383 3965 alteram
404 3921 455 3965 res
476 3899 554 3964 foris
576 3907 682 3984 gestas
704 3920 722 3965 e
744 3899 851 3965 Caelio
872 3906 1019 3981 auctore,
1057 3902 1191 3968 alteram

93 4031 144 4075 res
172 4010 258 4076 domi
286 4016 391 4094 gestas
420 4034 471 4080 res
500 4011 640 4079 urbanas
670 4033 689 4077 e
716 4009 844 4077 Valerio
872 4013 1001 4079 Antiate
1027 4015 1192 4098 descripsit

944 4137 961 4184 4
