2858 4612
699 233 943 328 ac'

309 477 363 532 Dio
383 477 411 532 Ο.
431 478 465 532 fr.
484 481 527 532 54.
549 482 590 533 ll.
822 481 925 535 Fabius
944 480 973 532 in
995 479 1054 532 Pol.
1071 479 1097 530 3.
1115 477 1140 529 8.
1159 478 1185 530 6.

179 569 236 637 καί
249 577 351 638 ταῦτα
361 573 473 656 μέντοι
489 567 607 652 αὐτὸς
620 568 708 639 καθ’
745 572 796 641 διὸ
817 573 874 641 καὶ
895 580 950 640 νῦν
965 571 1021 640 τὸν
1039 569 1184 654 πόλεμον
1200 570 1274 634 τοῦ·

181 680 298 749 αὑτὸν
341 677 429 750 ίίνεο
466 689 534 748 τοῦ
569 689 704 750 κοινοῦ
739 709 795 750 τον
826 683 1040 774 ἐξενηνοχέναι
1075 678 1174 748 κατὰ
1204 676 1273 768 τὴν
1366 670 1369 677 ’

179 799 245 860 τῶν
260 793 488 884 Καρχηδονίων
507 795 708 882 κατέπραξεν
744 793 864 862 αὐτοῦ
885 792 1121 883 προαίρεσιν
1132 786 1274 875 Ῥωμαί-

180 910 248 974 κτλ.
744 932 794 987 οις
831 906 936 995 παρὰ
972 905 1040 996 τὴν
1077 905 1274 992 Καρχηδο-

364 1006 370 1024 “
744 1018 836 1087 νίων
856 1018 992 1109 γνώμην.

267 1238 441 1303 Fabianam
470 1241 656 1305 sententiam
686 1240 724 1305 de
754 1240 838 1304 bello
860 1239 900 1304 ab
922 1237 1101 1304 Hannibale
1123 1235 1273 1301 Romanis

178 1347 271 1413 illato
302 1349 442 1436 legimus.
499 1350 623 1415 Bellum
652 1372 672 1415 a
700 1350 838 1415 factione
868 1350 1003 1414 Barcina
1035 1355 1067 1414 et
1095 1347 1274 1412 Hannibale

181 1464 381 1523 contractum
410 1479 477 1524 esse
504 1460 537 1525 id
559 1460 682 1543 saepius
706 1466 838 1543 apparet
858 1461 891 1525 in
912 1460 1053 1525 Zonarae
1073 1458 1274 1534 narratione;

181 1575 336 1634 memorat
367 1570 449 1634 enim
484 1591 553 1635 eam
586 1571 618 1635 Z.
642 1571 671 1633 8.
694 1571 735 1634 22
758 1575 801 1655 (p.
826 1571 898 1649 178)
934 1565 965 1635 οί
999 1568 1035 1635 δὲ
1066 1573 1113 1655 τῷ
1139 1563 1275 1654 Ἀννίβᾳ

182 1676 430 1763 προσκείμενοι,
468 1683 522 1765 qui
544 1684 678 1767 primam
698 1684 873 1748 Romanam
896 1683 1085 1766 legationem
1108 1680 1275 1763 Carthagi-

181 1815 255 1859 nem
276 1796 403 1859 niissam
425 1794 592 1879 repellunt,
614 1796 643 1860 8.
666 1796 708 1860 22
730 1803 774 1879 (p.
800 1796 873 1874 180)
896 1789 1119 1881 ,,Ἀσδροίβας
1140 1785 1188 1872 είς
1209 1796 1275 1857 τῶν

180 1899 249 1969 ὑπὸ
277 1909 336 1969 τοῦ
365 1901 515 1987 Ἀννίβου
542 1905 952 1991 προπαρεσκευασμένωνίί,
991 1907 1045 1989 qui
1076 1907 1108 1970 in
1137 1904 1275 1970 secunda

182 2015 339 2098 legatione
361 2016 489 2080 Annoni
511 2017 709 2099 optimatium
730 2018 803 2083 duci
824 2039 857 2082 se
879 2019 1010 2102 opponit
1031 2023 1063 2082 et
1083 2016 1201 2081 bellum
1222 2037 1275 2098 ge-

182 2126 315 2192 rendum
338 2147 405 2191 esse
427 2132 542 2190 censet.

268 2237 413 2304 Secunda
435 2260 560 2322 quoque
581 2261 656 2322 pars
676 2240 762 2304 illius
784 2240 916 2304 Fabiani
937 2239 975 2304 fr.
991 2240 1042 2319 25,
1066 2261 1147 2322 quae
1163 2261 1273 2305 secun·

181 2350 255 2416 dam
276 2350 451 2414 Romanam
475 2350 664 2433 legationem
684 2350 725 2415 ad
747 2350 864 2415 bellum
886 2349 1085 2416 indicendum
1108 2349 1274 2433 Carthagi·

85 2444 89 2451 ’
181 2483 253 2527 nem
281 2462 409 2526 missam
438 2467 549 2526 narrat
581 2463 614 2526 in
642 2462 783 2527 Zonarae
815 2463 996 2527 narratione
1028 2464 1200 2545 reperitur,
1237 2468 1273 2527 ut

181 2581 291 2659 postea
312 2573 493 2640 videbimus.
537 2575 624 2651 Quae
653 2574 768 2656 legatio
795 2596 814 2638 a
842 2575 941 2641 Fabio
969 2576 1088 2640 tradita
1109 2576 1143 2640 in
1165 2597 1272 2640 omnes
1338 2633 1351 2659 η

181 2688 349 2770 scriptores
370 2687 496 2751 transiit
504 2725 522 2764 ,-
535 2691 567 2748 ct
588 2685 673 2768 apud
694 2685 816 2750 livium
840 2693 876 2751 ut
895 2687 979 2750 infra
1001 2685 1193 2771 videbimus,
1223 2688 1272 2753 bis

182 2799 347 2882 reperitur,
368 2798 395 2862 si
415 2797 495 2863 Livii
516 2798 679 2876 rationem,
702 2817 765 2879 qua
784 2797 886 2864 fontes
901 2799 1127 2865 contaminavit
1141 2780 1273 2865 etcom·

182 2907 298 2994 posuit,
319 2907 499 2991 diligentius
519 2906 755 2991 perlustramus,

268 3138 372 3203 Multa
391 3137 481 3203 Fabii
503 3137 695 3222 fragmenta,
717 3158 797 3219 quae
820 3137 923 3204 adhuc
945 3146 1085 3219 exstant,
1107 3142 1140 3206 in
1163 3143 1272 3208 Dionis

183 3257 215 3318 ct
236 3252 377 3316 Zonarae
398 3249 551 3316 relatione
572 3251 706 3316 inveniri
727 3251 878 3330 vidimus3
912 3256 1082 3336 'propterea
1102 3255 1194 3321 Fabii
1215 3276 1273 3320 an·

183 3362 272 3429 nales
294 3383 313 3426 a
335 3359 368 3426 C.
392 3360 492 3424 Dione
513 3363 672 3444 inspectos
694 3381 761 3425 esse
782 3362 950 3427 verisimile
971 3368 1026 3427 est.

268 3473 434 3537 Praeterea
465 3472 653 3536 Plutarchus
685 3492 809 3553 quoque
840 3473 924 3537 inter
957 3473 990 3537 C.
1026 3473 1135 3538 Dionis
1169 3473 1272 3539 fontes
1369 3455 1371 3460 ’

185 3584 415 3651 enumerandus
437 3589 499 3662 est,
527 3591 563 3650 ut
586 3584 747 3650 Plutarchi
768 3585 833 3649 vita
853 3584 979 3649 Romuli
1001 3591 1068 3651 tota
1089 3588 1122 3651 in
1142 3587 1218 3651 Zon.
1243 3586 1271 3652 7.

54 3688 57 3694 ’
185 3694 269 3760 2-5
290 3694 454 3779 reperitur.

268 3807 407 3872 Tandem
429 3807 520 3872 illam
541 3808 755 3888 quaestionem
777 3771 941 3874 instituere
962 3828 1086 3890 quoque
1107 3808 1219 3887 liceat,
1246 3808 1273 3873 si

186 3917 282 3986 Caelii
304 3920 463 4002 Antipatri
483 3918 601 3983 bellum
624 3918 775 3983 Punicum
797 3938 816 3982 a
838 3917 938 3983 Dione
959 3920 993 3983 in
1014 3938 1105 3982 usum
1126 3925 1272 3983 vocatum

185 4033 236 4098 sit.
281 4031 383 4097 Multa
402 4031 444 4096 ad
466 4052 535 4096 eam
557 4031 743 4096 sententiam
766 4029 845 4094 bene
860 4030 1028 4113 quadrant,
1050 4049 1182 4113 magnus
1199 4048 1274 4094 con-
