2858 4612
569 813 620 895 H.
681 815 904 898 Diodorus.

270 1065 318 1130 De
340 1063 472 1128 Diodori
502 1062 524 1126 l.
546 1062 588 1126 24
609 1067 642 1129 et
662 1059 704 1127 25
733 1060 873 1127 fontibus
904 1062 1052 1128 disseruit
1079 1063 1284 1129 Gollmannus

184 1198 216 1261 p.
240 1174 375 1254 73-79,
417 1173 489 1239 Non
510 1178 596 1240 reete
616 1179 722 1239 autem
744 1193 814 1238 mee
836 1173 963 1256 quidem
984 1173 1101 1239 iudicio
1123 1175 1229 1240 omnia
1250 1175 1286 1238 in

185 1287 325 1354 Silenum
346 1286 472 1364 retulit3
502 1284 608 1379 multo
639 1287 740 1369 magis
765 1285 925 1351 Diodorus
953 1285 1086 1351 eundem
1107 1287 1287 1352 Romanum

186 1397 372 1482 scriptorem
393 1395 526 1462 Fabium
547 1396 699 1478 sequitur,
719 1416 783 1478 quo
804 1397 838 1462 in
859 1395 943 1463 hello
963 1395 1085 1478 Galliae
1107 1397 1286 1464 enarrando

185 1509 295 1575 utitur.
867 1526 869 1530 ·

270 1619 392 1685 Diodor
414 1617 456 1683 25
477 1617 500 1682 f.
526 1618 564 1681 18
587 1617 627 1683 ef.
651 1615 768 1682 Fabius
789 1615 811 1681 f.
838 1616 876 1680 17
900 1617 957 1695 (M.
979 1616 1014 1681 F.
1038 1617 1099 1692 Ga.

184 1731 207 1796 f.
222 1729 351 1796 20-24
372 1729 490 1814 primos
510 1726 586 1795 belli
600 1728 712 1794 Punici
733 1749 833 1794 annes
855 1733 1004 1794 mactant.
1048 1730 1072 1795 f.
1090 1730 1133 1795 20
1155 1730 1288 1814 Sagunti

185 1842 449 1926 expugnationem
470 1845 600 1925 prorsus
622 1860 643 1905 a
668 1840 922 1933 Carthaginiensi
943 1842 1030 1925 apud
1049 1842 1158 1926 Polyb.
1181 1843 1211 1908 3.
1237 1844 1284 1907 17.

187 1953 291 2016 8-11
320 1953 475 2018 relatione
500 1950 725 2017 abhorrentem
752 1951 931 2015 Romanum
953 1950 1103 2030 Fabium,
1139 1958 1176 2017 ut
1197 1957 1286 2039 puto,

185 2069 314 2130 secutus
326 2067 447 2130 narrat.
491 2061 700 2128 Consentiunt
716 2060 800 2126 enim
814 2059 983 2139 Diodorus,
1002 2061 1152 2140 Zonaras,
1170 2062 1288 2145 Appia-

185 2197 262 2256 nus,
293 2176 399 2243 Liuius
423 2176 478 2259 qui
504 2175 594 2241 nullo
615 2173 710 2240 modo
731 2178 768 2238 ut
789 2171 823 2237 Ο.
845 2172 938 2239 Peter
958 2173 1118 2238 existimat
1140 2195 1157 2239 e
1181 2173 1287 2241 Sileno

185 2289 328 2375 pendent
341 2288 533 2372 Saguntinos
552 2307 666 2352 aurum
685 2290 915 2368 argentumque
935 2285 1110 2370 perdidisse
1130 2289 1287 2369 mortique

186 2401 316 2469 fortiter
336 2421 371 2468 se
391 2399 550 2466 obtulisse.

185 2530 306 2586 nsosor.
320 2531 363 2583 aa.
382 2530 418 2583 20
460 2527 727 2597 mensurans)
762 2523 837 2596 App.
849 2524 922 2579 uer.
935 2526 970 2580 54
1074 2527 1135 2581 siv.
1146 2529 1193 2581 21.¹
1205 2530 1238 2581 14
1341 2498 1344 2505 ’

110 2602 115 2617 “
184 2627 240 2711 qui
263 2645 411 2691 omnese
467 2622 567 2688 Fabio
588 2622 772 2701 hauserunt,
825 2642 897 2687 cum
918 2622 1015 2688 verbo
1036 2629 1128 2690 tenus
1149 2626 1232 2692 inter
1254 2647 1288 2693 se

186 2738 395 2813 consentiant

271 2849 293 2915 f.
317 2848 358 2912 21
387 2846 561 2912 Fabianam
583 2843 777 2924 relationem
805 2843 845 2909 de
870 2843 1010 2910 secunda
1029 2846 1175 2911 Romana
1194 2846 1281 2932 lega-

191 2960 278 3027 tione
298 2977 326 3024 a
342 2957 405 3024 218
428 2956 651 3038 Carthaginem
665 2953 771 3032 missa,
791 2959 829 3020 ut
849 2953 967 3039 populo
982 2954 1289 3039 Carthaginiensium

194 3071 315 3138 bellum
335 3069 489 3136 indiceret
508 3066 617 3144 tradit,
639 3066 672 3131 in
694 3078 758 3148 qua
780 3074 889 3132 omnes
910 3068 1079 3151 scriptores
1093 3068 1225 3135 Fabium
1240 3091 1289 3136 se-

192 3186 324 3266 quentes
341 3181 426 3245 inter
447 3199 481 3245 se
502 3177 712 3244 eonsentiunt.

554 3336 556 3340 ·
615 3304 734 3360 Dioder.
752 3307 796 3359 25.
815 3307 857 3359 21.

186 3403 206 3480 ί
228 3401 456 3493 πρεσβύτατος
475 3406 542 3466 τῶν
563 3398 600 3467 ἐκ
620 3404 678 3489 τῆς
694 3394 824 3488 Ῥώμης
838 3401 1064 3489 πεμφθέντων
1081 3411 1290 3492 πρεσβευτῶν

187 3515 222 3582 ἐν
249 3520 297 3602 τῷ
324 3508 481 3601 συνεδρίῳ
508 3516 573 3578 τῶν
595 3509 829 3601 Καρχηδονίων
858 3511 965 3597 δείξας
993 3521 1035 3604 τῇ
1056 3516 1215 3608 γερουσίρεΙ
1230 3519 1289 3588 τὸν

186 3622 313 3694 κίλπον
341 3622 444 3713 ἔφησε
470 3626 580 3712 φέρειν
601 3620 700 3690 αὑτὸν
722 3622 780 3689 καί
800 3623 859 3715 τὴν
882 3622 1008 3716 εἰρήνην
1029 3627 1086 3694 καὶ
1108 3626 1166 3695 τὸν
1188 3627 1289 3697 πόλε-

188 3757 266 3819 μον·
296 3728 497 3800 ἀπολείπειν
518 3723 576 3798 οὖν
596 3730 720 3799 τούτων
742 3730 905 3824 ὁπότερον
928 3731 968 3802 ἂν
990 3733 1021 3804 oi
1044 3736 1147 3825 Καρχ.
1172 3741 1290 3830 βουλη-

188 3850 289 3914 θῶσι.
311 3884 351 3896 -
387 3850 446 3912 τοῦ
466 3845 503 3912 δὲ
523 3835 589 3912 τῶν
612 3850 712 3932 Καρχ.
734 3846 894 3931 βασιλέως
917 3843 1071 3928 εἰπόντος
1092 3855 1206 3918 ποιεῖν
1228 3847 1289 3919 ου’-

189 3955 248 4024 adv
269 3951 431 4044 ὁπότερον
452 3950 491 4022 ἂν
511 3953 666 4041 βούλοιτο
689 3952 751 4045 ἔφη
773 3956 853 4040 „adv
875 3956 1023 4043 πόλεμον
1045 3956 1191 4050 ε’φίημι“.
1223 3969 1289 4030 τῶν

193 4069 230 4138 δὲ
252 4063 484 4158 Καρχηδονίων
505 4065 539 4136 οὶ
560 4064 696 4149 πλείους
717 4062 820 4151 sidric
841 4064 1021 4160 ἀνεβόησαν
1043 4072 1210 4155 δέχεσθαι.
