2858 4612
686 314 734 386 33

348 565 419 649 IV.
479 566 562 649 Dio
593 565 763 650 Cassius
795 578 836 652 et
865 568 1061 673 Zonaras.

178 828 181 833 ,
250 758 407 823 Zonaram
421 756 520 854 Cassii
534 757 645 823 Dionis
660 758 835 822 Romanam
856 758 1020 823 historiam
1041 756 1166 822 brevius
1183 776 1259 822 oon·

164 856 325 954 scripsisse
345 875 454 935 notum
477 875 533 934 est.
577 868 742 935 Niebuhrii
762 871 918 957 sententia
940 870 974 934 Ο.
999 869 1132 934 Dionem
1145 888 1173 933 e
1193 868 1258 932 Fa·

163 981 216 1047 bio
233 981 355 1046 Pictore
377 981 519 1046 hausisse
541 981 682 1046 nondum
704 981 840 1066 probata
862 981 915 1051 sed
931 981 1038 1046 multis
1059 982 1092 1047 in
1112 979 1200 1059 loeis,
1222 984 1258 1044 nt

163 1095 336 1160 videbimus
357 1095 532 1160 verisimilis
555 1101 611 1160 est.
657 1095 791 1160 Dionem
821 1116 950 1178 prorsus
981 1116 997 1159 e
1024 1095 1112 1159 Livio
1142 1093 1259 1177 depen-

165 1206 255 1285 dere,
290 1211 327 1270 ut
352 1205 465 1270 Nissen
495 1207 528 1270 in
558 1206 667 1299 rebus3
706 1226 786 1288 quae
807 1204 851 1270 IV
874 1210 906 1271 et
926 1205 952 1270 V
976 1205 1087 1270 decadi
1109 1205 1258 1269 Livianae

77 1302 79 1307 ¹
165 1318 424 1401 correspondent,
445 1339 465 1382 a
486 1317 586 1383 Dione
606 1319 744 1383 narratis
765 1319 938 1396 existimat,
960 1317 1044 1383 hanc
1065 1319 1254 1383 sententiam

164 1431 198 1494 in
217 1429 281 1494 illis
302 1428 454 1512 partibus*
467 1428 488 1492 l.
508 1429 599 1507 7-9,
622 1450 702 1510 quae
726 1427 771 1492 III
793 1428 902 1494 decadi
924 1428 1013 1494 libris
1032 1428 1107 1492 XXI
1124 1435 1156 1493 et
1169 1427 1259 1492 XXII

164 1541 332 1624 praecipue
353 1539 614 1622 correspondent,
647 1537 836 1604 reiciendam
859 1560 925 1604 esse
948 1559 1069 1604 censeo.
1120 1539 1259 1603 Primum

165 1649 288 1714 Livium
308 1654 340 1714 et
363 1649 524 1733 Polybium
546 1649 656 1713 Dionis
677 1649 779 1713 fontes
801 1669 866 1713 non
887 1650 984 1718 fuisse
1006 1650 1176 1715 videamus.

251 1741 413 1845 Polybium
435 1761 546 1825 Dionis
567 1760 686 1824 fontem
708 1760 803 1825 fuisse
824 1783 915 1826 nemo
937 1763 1033 1842 dixit,
1063 1764 1119 1829 sed
1141 1763 1176 1828 Ο.
1200 1765 1259 1830 Pe·

165 1875 226 1938 teri
247 1894 371 1956 qnoque
392 1873 579 1938 sententiam
601 1872 735 1937 Dionem
757 1871 903 1938 Silenum
918 1876 1023 1957 sequi,
1053 1877 1259 1959 quam‘nullo

167 1986 353 2052 documento
375 1987 461 2051 nisus
482 1985 630 2069 protulit,
653 1986 770 2067 optimo
792 1985 859 2052 iure
880 1987 997 2052 reicere
1020 2008 1194 2070 possumus.

250 2097 287 2160 In
307 2097 395 2162 brevi
415 2098 555 2162 Zonaras
584 2097 767 2162 narratione
798 2098 898 2163 multa
927 2104 959 2163 et
988 2096 1207 2163 additamenta
1228 2103 1260 2164 et

166 2207 355 2272 variationes
377 2207 524 2272 Livianae
537 2206 735 2299 traditionis,
757 2227 838 2289 quae
860 2207 901 2273 ad
923 2213 1043 2274 veteres
1064 2208 1167 2274 fontes
1189 2214 1261 2274 tan·

167 2324 235 2385 tum
256 2319 420 2402 pertinent
441 2319 655 2402 reperiuntur:

256 2434 288 2517 1)
309 2433 386 2497 Zon.
410 2432 437 2495 8.
462 2432 503 2495 22
525 2433 569 2514 (p.
593 2431 751 2511 lla-80)
774 2431 834 2496 Dio
856 2429 890 2494 O.
912 2431 950 2495 fr.
974 2431 1025 2495 55.
1049 2430 1132 2495 2-·8
1154 2432 1261 2511 verba,

169 2563 250 2627 quae
276 2545 310 2607 in
336 2550 447 2608 senatu
469 2545 612 2608 Romano
634 2550 705 2628 post
728 2544 903 2628 Saguntum
925 2544 1062 2609 excisum
1085 2543 1120 2607 L.
1144 2542 1261 2608 Gorne-

169 2654 230 2720 lius
255 2654 406 2720 Lentulus
436 2675 494 2739 pro
523 2655 606 2720 bello
636 2654 790 2738 gerendo,
822 2655 939 2720 Fabius
960 2676 1018 2739 pro
1040 2655 1151 2738 legatis
1173 2656 1259 2738 prius

168 2766 329 2832 mittendis
352 2766 448 2845 dixit,
485 2787 565 2848 quae
587 2765 653 2830 Pol.
677 2766 706 2829 3.
732 2766 771 2829 10
800 2785 924 2848 quoque
954 2787 971 2831 e
993 2766 1134 2832 Fabiana
1162 2766 1261 2831 tradi-

167 2878 254 2943 tione
275 2882 428 2948 mom'orat
449 2872 518 2959 „sig
541 2873 676 2969 ἑκάτερα
698 2876 858 2964 ῥηθέντας
880 2872 1024 2962 loyovc‘s

255 2990 341 3067 Quae
362 2991 458 3056 rerba
480 2991 514 3055 O.
531 2991 675 3056 Peterum
699 2997 872 3069 moverunt,
893 2996 930 3055 ut
944 2995 1044 3055 totam
1059 2989 1170 3054 Dionis
1186 3010 1260 3055 nar-

169 3103 324 3170 rationem
345 3105 379 3168 in
401 3103 675 3188 Carthaginienses
703 3082 804 3169 fontes
831 3102 980 3182 referret3
1020 3102 1073 3168 sed
1096 3101 1259 3186 Polybium

168 3236 234 3281 non
265 3216 300 3281 in
328 3216 501 3281 Chaeream
532 3216 738 3300 Sosylumque
770 3215 826 3280 sed
857 3217 890 3278 in
921 3214 1054 3280 Fabium
1084 3213 1260 3279 Romanum

169 3327 355 3409 scriptorem
387 3327 489 3392 verbis
510 3321 624 3406 ’,ἔνιοι
651 3329 716 3390 τῶν
746 3323 974 3412 συγγραφέων“
1005 3326 1122 3406 (20.1)
1155 3325 1261 3392 inuehi

170 3422 265 3518 supra
286 3435 429 3500 vidimus.
474 3435 514 3500 of.
537 3456 568 3518 p.
591 3437 622 3501 9.

124 3540 131 3553 '
256 3547 289 3621 2)
312 3547 385 3611 Zon.
411 3545 439 3610 8.
463 3548 503 3610 21
535 3551 580 3631 (p.
606 3547 679 3626 176)
713 3544 924 3611 Hannibalem
952 3551 1024 3628 post
1053 3544 1261 3613 Hasdrubalis

147 3661 302 3722 'mortem
324 3657 365 3720 26
388 3677 488 3722 annos
509 3664 620 3722 natum
641 3657 736 3723 fuisse
756 3657 834 3723 dicit
855 3657 908 3741 (of.
932 3656 1023 3721 Diod.
1047 3656 1098 3720 25.
1122 3656 1187 3725 24).

254 3748 289 3842 3)
310 3767 386 3831 Zon.
410 3766 437 3830 8.
461 3767 502 3830 22
520 3773 561 3850 (p.
581 3767 655 3846 180)
679 3766 810 3831 consilia
832 3764 976 3831 debello
999 3764 1135 3848 gerendo
1156 3765 1190 3829 in
1211 3786 1259 3830 se·

168 3879 248 3941 natu
270 3874 573 3960 Carthaginiensium
595 3877 693 3955 inita,
724 3876 780 3941 ubi
801 3875 875 3941 Zon.
898 3873 998 3939 multo
1020 3873 1119 3940 fusius
1140 3877 1260 3968 praeci-

168 4009 231 4073 pue
252 3986 483 4054 Hasdrubalem
510 4010 568 4073 pro
595 3988 680 4054 bello
707 3988 860 4071 gerendo,
897 3987 1083 4053 Hannonem
1104 4010 1162 4073 pro
1182 4011 1259 4072 pace
1349 4030 1353 4036 <

168 4101 317 4169 habenda
327 4101 452 4181 dixisse,
472 4106 632 4185 postremo
643 4099 685 4166 Μ.
696 4101 829 4169 Fabium
839 4101 958 4168 bellum
971 4100 1130 4181 indixIsse,
1150 4102 1257 4168 tradit.

1016 4245 1032 4298 3
