2858 4612
680 251 726 322 41

165 472 272 516 omnes
293 450 506 528 narrationes,
533 471 611 532 quas
633 449 797 518 Caelianas
819 453 978 517 existimat
999 452 1157 536 (prodigia
1177 459 1251 520 ante

163 583 304 646 pugnam
331 560 372 625 ad
400 561 422 624 l.
451 559 692 640 Trasumenum,
725 566 971 639 terraemotus,
1003 562 1123 627 Romae
1148 563 1251 627 terror'

167 670 257 738 clade
277 674 453 751 nuntiata),
486 672 592 737 eodem
616 675 708 738 modo
730 695 750 738 a
772 674 860 738 Livio
881 672 1065 753 tradantur3
1100 672 1251 756 quamob-

166 805 233 849 rem
267 790 393 867 praeter
424 784 546 848 Livium
578 784 711 849 alterum
745 806 849 850 rerum
879 786 1060 868 scriptorem
1091 786 1252 851 Valerium

165 897 326 961 Antiatem
347 917 368 961 a
390 896 558 960 Plutarcho
579 874 612 960 in
633 919 724 962 usum
748 903 894 962 vocatum
916 919 982 962 esse
1004 898 1156 963 existimo.

248 1007 284 1070 In
317 1007 381 1071 vita
413 1006 530 1071 Valerii
561 1007 739 1090 Poplicolae
772 1008 905 1090 aliisque
937 1009 1010 1074 vitis
1041 1009 1252 1076 describendis

164 1121 329 1185 Valerium
351 1121 508 1184 Antiatem
530 1119 732 1184 Plutarchum
760 1127 898 1187 secutum
921 1143 987 1186 esse
1008 1121 1046 1186 H.
1062 1122 1153 1187 Peter
1176 1124 1209 1196 (l.
1225 1145 1250 1188 c.
1362 1196 1365 1211 ⁸

164 1252 193 1313 p.
216 1231 270 1309 45)
300 1230 421 1313 egregie
450 1229 683 1293 demonstravit.
728 1229 766 1294 In
794 1232 859 1296 vita
888 1231 921 1295 T.
944 1231 1062 1308 Quintii
1084 1233 1253 1298 Flaminini

165 1342 369 1408 describenda
383 1340 542 1406 Valerium
560 1342 730 1420 Antiatem,
752 1343 873 1409 Livium
895 1350 926 1409 et
943 1343 1122 1410 Ciceronem
1144 1351 1253 1420 auoto-

165 1477 215 1520 res
235 1455 379 1519 nominat
402 1465 440 1528 (e.
461 1451 537 1539 18);
558 1473 656 1534 quare
676 1453 709 1517 in
730 1453 820 1519 Fabii
842 1455 907 1519 vita
928 1476 1052 1537 quoque
1074 1456 1254 1521 enarranda
1279 1535 1281 1539 y

164 1567 284 1632 Livium
306 1587 376 1630 eum
398 1586 461 1629 non
483 1585 611 1648 prorsus
626 1566 799 1649 neglexisse
813 1567 1070 1631 verisimillimum
1085 1574 1141 1632 est.
1185 1567 1253 1632 Hoc

165 1677 258 1742 modo
280 1683 311 1742 et
333 1673 503 1740 similitudo
531 1681 563 1738 et
584 1697 700 1758 parvae
722 1676 951 1760 discrepantiae
976 1677 1056 1743 Livii
1076 1678 1254 1744 Plutarchi-

166 1812 226 1873 que
248 1788 437 1853 narrationis
461 1787 576 1870 optime
598 1786 817 1865 declarantur,
840 1809 911 1852 cum
932 1795 1064 1871 uterque
1085 1811 1124 1856 ex
1145 1790 1254 1855 eodem

166 1902 252 1968 fonte
276 1901 402 1965 Valerio
424 1901 550 1995 Antiate
572 1899 720 1964 hauserit.
766 1988 767 1991 Ἴ
1211 1962 1215 1970 ,

250 2013 286 2077 In
308 2013 465 2077 dictatura
484 2011 573 2077 Fabii
594 2011 798 2079 describenda
820 2013 901 2078 Plut.
931 2034 958 2079 c.
980 2012 1017 2092 4,
1053 2018 1091 2078 ut
1120 2012 1253 2078 vidimus

167 2126 251 2190 solus
272 2124 403 2189 Fabium
425 2144 538 2204 equum
561 2122 674 2205 petisse
696 2129 822 2199 narrat,
860 2123 945 2204 quod
967 2144 1035 2188 meo
1058 2123 1182 2205 quidem
1206 2123 1254 2187 iu-

166 2237 247 2302 dicio
268 2236 310 2300 ad
331 2234 491 2299 Valerium
513 2234 673 2298 Antiatem
695 2233 839 2315 pertinet.
883 2233 948 2298 Liv.
965 2234 1015 2298 22.
1038 2234 1078 2297 31
1102 2235 1184 2298 enim
1207 2234 1254 2298 di-

167 2351 224 2414 cit:
261 2345 429 2425 „Omnium
455 2367 552 2428 propr
579 2344 708 2406 enucleo
735 2343 866 2409 Fabium
896 2345 1083 2409 dictatorem
1104 2345 1253 2411 advorsus

167 2458 375 2525 Hannibalem
404 2477 469 2521 rem
496 2457 626 2538 gessisse
651 2455 798 2533 tradunt3
835 2475 872 2518 eo
894 2455 1060 2520 decursum
1082 2461 1146 2534 est,
1178 2462 1214 2520 ut
1234 2477 1255 2521 a

168 2572 284 2655 populo
307 2574 465 2634 crearetur
495 2569 550 2649 qui
581 2587 639 2650 pro
668 2566 821 2631 dictatore
852 2572 950 2644 esset,
987 2567 1026 2631 cf.
1049 2567 1101 2632 22.
1123 2567 1142 2630 8
1162 2587 1256 2651 „pro-

168 2684 353 2750 dictatorem
376 2681 493 2747 creavit
513 2680 648 2764 populus
668 2679 800 2744 Fabium
824 2679 926 2743 Max“.

254 2794 359 2858 Livius
386 2797 424 2857 ut
441 2791 614 2856 videbimus
636 2785 794 2855 Valerium
817 2791 979 2856 Antiatem
1005 2793 1068 2858 illis
1094 2794 1128 2858 in
1157 2793 1256 2877 parti·

168 2907 227 2971 bus
257 2905 405 2987 sequitur.
448 2903 475 2966 Ε
497 2903 579 2967 Plut.
602 2899 676 2965 Fab.
699 2902 721 2964 4
750 2901 899 2966 dictatori
929 2923 994 2968 non
1022 2905 1147 2971 licuisse
1174 2925 1255 2987 cquo

169 3018 241 3085 vehi
261 3018 416 3094 videmus3
443 3015 497 3080 sed
518 3013 724 3098 prodictatori
746 3012 883 3093 licebat,
908 3020 1075 3098 propterea
1095 3010 1256 3082 Plutarchi

170 3128 266 3192 verba
287 3127 417 3192 Fabium
439 3124 537 3210 ἵππῳ
556 3128 700 3212 χρῆσθαι
728 3125 869 3207 Liviique
890 3125 1103 3190 narrationem
1125 3124 1255 3191 Fabium

161 3262 227 3324 pro
242 3239 424 3302 dictatorem
447 3257 512 3301 non
527 3237 711 3302 dictatorem
733 3237 829 3302 fuisse
848 3238 961 3320 iungas
982 3234 1076 3301 etad
1097 3234 1255 3301 Valerium

171 3352 329 3417 Antiatem
349 3350 512 3432 utriusque
533 3349 651 3414 fontem
673 3347 800 3413 referas.
1157 3427 1159 3431 Ι

254 3460 417 3528 Plutarchi
436 3462 650 3526 narrationem
671 3461 770 3525 multo
793 3461 891 3545 magis
912 3460 953 3525 ad
969 3458 1127 3524 Valerium
1147 3456 1258 3520 Antiu-

170 3583 233 3641 tem
256 3595 351 3656 quam
372 3573 412 3638 ad
435 3573 555 3638 Livium
576 3572 771 3638 referendam
794 3593 860 3637 esse
881 3570 1017 3648 videus,
1048 3569 1074 3632 si
1096 3567 1256 3633 contiones

171 3686 210 3750 de
238 3684 402 3770 aequando
430 3683 512 3748 inter
540 3683 711 3748 Minucium
733 3683 927 3764 Fabiumque
952 3680 1083 3763 imperio
1107 3678 1148 3743 ab
1169 3684 1257 3743 utro·

171 3820 232 3881 que
260 3804 369 3862 autore
396 3800 542 3862 narratas
571 3794 750 3881 diligentius
780 3815 953 3878 comparas.
998 3792 1104 3858 Livius
1126 3791 1169 3856 M.
1191 3791 1257 3858 Me-

171 3909 239 3975 telli
259 3910 330 3973 trib.
354 3909 396 3991 pl.
419 3907 593 3984 orationes,
629 3927 710 3989 quae
732 3906 818 3989 apud
839 3905 919 3969 Plut.
943 3926 970 3970 c.
995 3903 1077 3967 8-—9
1100 3903 1181 3968 duae
1203 3924 1257 3968 ex·

172 4027 272 4100 stant,
292 4020 327 4084 in
347 4041 443 4085 unam
463 4017 621 4084 contraxit
643 4019 684 4102 (c.
706 4016 780 4103 23),
803 4017 917 4083 additis
939 4015 1032 4081 modo
1054 4014 1156 4082 verbis
1177 4013 1257 4094 „hu-
