2858 4612
713 255 735 326 6

252 453 422 522 Videamus
442 457 555 540 igitur,
590 457 675 524 unde
696 453 856 542 Polybius,
878 455 1053 535 Diodorus,
1089 454 1264 538 AppIanus,

166 563 391 645 Dio-Zonaras,
413 566 612 646 Plutarchus,
637 540 802 632 Cornelius
821 566 936 650 Nepos,
958 585 1040 647 quae
1054 564 1265 641 tradiderunt,

166 674 346 756 hauserint,
373 678 558 762 priusquam
580 679 622 743 ad
643 679 767 744 Livium
787 678 892 760 ipsum
913 675 1116 767 adgredimur
1137 679 1170 740 et
1190 674 1265 741 illas

166 788 247 855 duas
266 789 454 869 relationes,
491 811 569 872 quas
598 790 825 857 contaminavit
851 790 885 856 in
911 789 1002 855 libris
1023 787 1098 853 XXI
1119 793 1152 854 et
1173 786 1265 853 XXII

165 900 367 979 enarrandis,
389 900 586 984 indagamus.
643 979 654 1000 ἱ

252 1008 366 1076 Omnia
388 1032 469 1093 quae
490 1017 610 1076 veteres
632 1010 671 1076 de
696 1010 752 1076 illo
772 1009 858 1099 bello
879 1008 1095 1086 tradiderunt,
1121 1008 1164 1074 ad
1185 1009 1265 1075 duos
1292 1032 1305 1053 1

105 1190 113 1194 ,
162 1120 333 1204 ,praecipue
355 1122 524 1205 scriptores
545 1122 710 1188 referenda
732 1143 799 1187 esse
820 1121 1004 1200 videbimus,
1027 1140 1161 1203 quorum
1182 1121 1266 1186 alter

166 1229 473 1315 Carthaginiensium
494 1232 589 1297 rebus
610 1233 768 1312 studebat,
790 1232 924 1311 Silenus,
945 1232 1028 1298 alter
1049 1233 1265 1298 Romanarum
1379 1254 1384 1271 ·

165 1332 304 1424 partium
326 1348 411 1420 erat,
433 1343 566 1420 Fabius,
590 1348 622 1408 et
643 1349 809 1426 utramque
833 1343 1127 1427 Carthaginiensem
1148 1343 1266 1409 Itoma-

165 1473 302 1536 namque
323 1453 526 1518 traditionem
547 1454 580 1517 in
603 1453 682 1518 Livii
704 1474 734 1518 a.
756 1476 787 1518 u.
811 1474 838 1518 o.
861 1452 896 1518 ll.
916 1453 992 1518 XXI
1011 1458 1044 1519 et
1065 1453 1157 1518 XXII
1178 1454 1266 1520 inve·

165 1563 297 1630 niemus.
342 1563 444 1630 Simul
465 1546 613 1648 magnam
634 1564 723 1629 illam
739 1564 938 1647 optimatium
959 1564 1124 1647 plebisque
1145 1564 1266 1630 dissen-

165 1676 304 1754 sionem,
341 1695 422 1757 quae
454 1675 488 1740 in
522 1675 668 1741 omnibus
699 1676 794 1741 rebus
821 1675 973 1741 Romanis
1006 1676 1146 1756 exstitit,
1181 1677 1266 1744 inter

165 1785 334 1868 scriptores
356 1807 482 1869 quoque
502 1808 607 1852 rerum
629 1788 845 1853 Romanarum
865 1788 1076 1865 inveniemus,
1110 1808 1181 1853 oum
1204 1789 1266 1854 Po-

165 1896 269 1982 lybius
292 1898 479 1980 Caeliusque
502 1899 535 1963 in
556 1897 620 1964 fine
642 1900 724 1964 sexti
745 1900 842 1964 seculi
864 1921 893 1964 a.
916 1922 946 1964 u.
971 1921 997 1965 o.
1020 1901 1264 1966 vetustissimam

166 2010 364 2094 optimatium
396 2010 570 2076 Fabianam
604 2011 824 2090 traditionem,
861 2033 943 2094 quae
975 2013 1107 2078 Fabiam
1139 2019 1264 2097 gentem

165 2121 301 2188 maxime
322 2121 475 2202 laudavit,
496 2123 568 2188 aliis
584 2123 898 2207 Carthaginiensibus
920 2124 1127 2208 scriptoribus
1137 2112 1265 2191 'Roma-

165 2232 278 2314 nisque
307 2234 491 2306 auctoribus
519 2235 581 2299 nisi
610 2235 765 2300 reicerent
788 2240 827 2310 ‚et
853 2235 1048 2318 plebeiorum
1074 2234 1160 2300 illius
1189 2234 1265 2302 belli

167 2345 283 2412 dueum
306 2346 533 2433 Corneliaeque
553 2346 708 2431 imprimis
730 2347 833 2431 gentis
855 2347 969 2413 merita
990 2346 1198 2413 illustrarent.
