2858 4612
691 249 740 322 35

256 450 287 529 1)
316 449 433 515 Fabius
460 450 499 515 fr.
529 450 550 513 4
580 449 697 531 (Peter)
730 450 770 515 cf.
801 451 862 517 Dio
893 451 925 517 C.
955 453 993 519 fr.
1016 453 1038 518 4
1058 453 1089 521 b.
1139 458 1262 523 Aeneae

170 560 331 625 oraculum
352 561 394 626 ad
416 560 530 625 Albam
551 561 661 626 urbem
682 561 887 627 condendam.

256 672 288 751 2)
310 671 426 737 Fabius
447 671 485 735 fr.
504 671 523 735 8
547 671 585 736 cf.
600 671 676 735 Zon.
702 671 731 736 7.
750 671 770 734 3
788 679 830 755 (p.
849 672 900 749 12)
924 672 963 737 de
984 673 1137 758 Tarpeiae
1151 682 1261 742 morte.
1346 762 1349 767 y
1398 754 1401 759 ¹

255 786 289 864 3)
310 783 426 869 Fabius
448 783 486 847 fr.
505 783 559 844 112
581 781 620 846 ef.
642 781 719 847 Zon.
746 781 774 845 7.
797 781 817 845 9
842 787 885 866 (p.
901 783 957 863 31)
982 785 1037 866 qui
1058 785 1262 869 Tarquinium

171 895 345 980 Superbum
374 914 440 958 non
467 896 612 976 nepotem
644 891 698 956 sed
726 890 827 955 filium
853 890 1015 973 Tarquinii
1038 893 1137 959 Prisci
1166 895 1262 961 fuisse

170 1013 310 1073 narrant.
345 1005 383 1070 cf.
401 1006 476 1069 Zon.
499 1000 575 1080 τοὺς
594 1007 653 1068 τοῦ
679 997 855 1088 Ταρκυνίου
877 1003 1004 1081 παῖδας
1026 998 1259 1090 προύβάλλετο.

253 1120 287 1202 4)
309 1118 426 1183 Fabius
447 1117 484 1181 fr.
503 1117 557 1179 121³
580 1149 614 1173 =
636 1116 710 1180 Zon.
735 1115 762 1179 7.
791 1117 828 1178 11
853 1116 898 1200 (p.
918 1115 984 1201 38),
1007 1115 1040 1181 C.
1063 1116 1123 1182 Dio
1146 1118 1183 1182 fr.
1210 1119 1260 1182 10.

171 1231 190 1294 8
217 1231 251 1294 in
277 1229 363 1294 lovis
389 1229 508 1311 templo
529 1230 563 1293 in
584 1233 690 1292 monte
712 1227 844 1312 Tarpeio
867 1228 1064 1294 aedificando
1085 1235 1181 1313 caput
1203 1229 1262 1297 hu-

168 1363 296 1408 manum
320 1342 531 1425 aperientibus
553 1341 761 1406 fundamenta
783 1342 893 1424 templi
914 1342 1099 1427 apparuisse
1112 1342 1261 1429 urbisque

169 1453 415 1537 magnitudinem
437 1452 644 1536 portendisse.

254 1565 289 1649 5)
310 1566 426 1630 Fabius
448 1565 486 1630 fr.
504 1565 542 1628 17
579 1564 618 1630 cf.
640 1565 715 1628 Zon.
740 1564 767 1626 7.
789 1564 827 1627 17
844 1565 912 1646 (61)
936 1566 1139 1632 Coriolanum
1162 1588 1261 1650 usque

42 1675 46 1683 ’
168 1673 210 1739 a'd
239 1679 430 1739 senectutem
457 1674 570 1738 vixisse
591 1672 676 1757 apud
698 1673 828 1738 Volscos
849 1679 983 1740 narrant
1007 1676 1094 1755 (Zon.
1120 1673 1187 1742 ἐκεῖ
1207 1699 1261 1764 γη-

168 1780 294 1872 ράσας).

253 1897 287 1976 6)
309 1897 425 1962 Fabius
447 1896 468 1961 f.
491 1897 530 1961 19
553 1897 672 1977 (Peter)
699 1931 732 1954 =
757 1897 832 1961 Zon.
855 1895 884 1962 8.
911 1899 926 1960 1
952 1904 995 1982 (p.
1014 1900 1089 1986 103)
1113 1901 1258 1969 debello

168 2030 197 2075 a
220 2008 283 2072 294
303 2008 337 2072 in
359 2009 486 2072 Samnio
507 2008 696 2089 Etruriaque
717 2012 815 2090 gesto.

255 2123 358 2199 Quare
369 2121 408 2185 H.
418 2122 509 2187 Peter
521 2121 582 2186 hoc
595 2121 665 2185 loco
678 2120 810 2185 Fabium
822 2142 892 2184 cum
901 2120 1001 2185 Dione
1010 2120 1117 2187 Cassio
1125 2145 1259 2191 consen·

167 2232 228 2298 tire
242 2236 337 2314 negat
352 2231 382 2295 h.
398 2232 436 2296 R.
451 2254 477 2296 r.
492 2255 522 2316 p.
536 2232 587 2311 34,
608 2230 789 2313 intellegere
810 2251 873 2295 non
893 2251 1066 2314 possumus.
1112 2234 1255 2318 Denique

263 2350 294 2427 7)
315 2349 432 2414 Fabius
454 2348 476 2412 f.
498 2344 642 2426 25·(P01.
665 2344 694 2407 3.
718 2343 747 2407 8.
772 2345 821 2422 1),
844 2343 1013 2425 quodiam
1035 2345 1076 2410 ad
1097 2345 1260 2414 Hanniba·

167 2462 229 2528 lem
251 2462 403 2545 pertinet,
430 2462 552 2542 egregie
573 2478 645 2524 oum
668 2455 701 2520 C.
725 2455 825 2520 Dione
847 2460 879 2520 et
898 2456 1023 2522 Zonara
1046 2459 1211 2525 consentit.

251 2692 404 2758 Barcidas
425 2689 615 2773 Carthagine
636 2688 846 2773 principatum
868 2688 999 2772 petisse,
1033 2689 1256 2775 Carthaginem

167 2805 201 2869 in
222 2804 310 2886 regni
331 2803 466 2867 formam
486 2802 626 2883 redigere
647 2806 794 2878 tentasse,
816 2819 949 2881 cumque
970 2801 1004 2864 in
1026 2802 1131 2884 patria
1152 2802 1185 2866 id
1206 2824 1258 2868 as-

168 2916 256 2996 sequi
278 2935 341 2978 non
363 2914 552 2996 potuissent,
577 2912 611 2975 in
633 2911 786 2994 Hispania
807 2910 840 2975 id
860 2915 990 2974 conatos
1013 2911 1109 2976 inisse
1130 2919 1258 2994 narrat3

168 3024 374 3090 Hasdrubalis
396 3021 645 3103 Hannibalisque
667 3021 867 3086 ambitionem
893 3022 1109 3105 regnandique
1137 3026 1259 3109 cupidi·

167 3138 256 3214 nem,
278 3136 386 3216 quiin
408 3134 501 3198 rebus
522 3132 693 3215 Hispaniae
714 3132 857 3214 gerendis
880 3131 1185 3215 Carthaginiensium
1207 3158 1259 3203 se-

167 3251 278 3312 natum
299 3265 363 3309 non
384 3249 561 3321 curassent,
584 3243 781 3326 gravissimas
803 3244 869 3308 eius
892 3244 967 3308 belli
989 3252 1100 3310 eontra
1122 3246 1258 3314 Cartha·

167 3360 352 3443 giniensium
380 3358 573 3422 voluntatem
602 3356 681 3438 gesti
709 3376 820 3420 causas
850 3357 954 3421 fuisse.
997 3358 1073 3422 Zon.
1096 3359 1124 3422 8.
1151 3360 1189 3423 18
1212 3369 1257 3445 (p.

171 3471 245 3552 164)
269 3470 484 3551 ‚Hamilcarem
510 3490 539 3533 a.
561 3467 623 3531 238
653 3468 686 3531 in
714 3467 897 3551 Hispaniam
923 3469 987 3533 iam
1013 3466 1104 3554 παρὰ
1130 3467 1259 3559 γνώμην

166 3584 232 3646 τῶν
254 3573 340 3645 οἴκοι
360 3577 460 3642 τελῶν
481 3577 643 3642 transiisse
665 3577 773 3641 tradit.

253 3690 291 3753 ln
322 3695 422 3754 morte
452 3689 640 3754 Hamilcaris
673 3686 851 3756 enarranda
882 3687 928 3766 (Z.
953 3686 981 3751 8.
1007 3690 1060 3766 19)
1093 3691 1256 3757 annalium
1388 3700 1392 3707 '

167 3802 352 3886 scriptorem
379 3800 525 3883 legimus,
560 3802 593 3865 in
619 3800 721 3865 verbis
748 3800 780 3866 Z.
806 3798 835 3862 8.
856 3799 897 3862 21
922 3806 966 3881 (p.
992 3799 1066 3877 175)
1098 3800 1199 3889 ἐπῆρε
1222 3801 1258 3868 δὲ

166 3918 284 3979 τοῦτον
311 3912 368 3978 τὸν
397 3909 542 3994 πόλεμον
569 3909 713 3997 μάλιστα
741 3907 760 3977 r‘
787 3905 938 3996 Ἀννίβας
966 3918 1171 4000 στραταρχιῖν
1190 3918 1257 3979 cc'v

169 4029 269 4111 Καρχ.
293 4029 325 4092 et
346 4024 513 4109 praecipue

967 4141 1000 4195 3*
