2858 4612
676 160 857 284 rs'

151 432 207 479 nes
230 412 324 479 93τό
346 409 713 498 δειπνοποιησαμένοις,
737 411 766 476 l.
789 405 858 493 ἅμα
878 413 926 497 τῷ
947 409 1056 474 κλῖναι
1076 405 1115 473 τὸ
1139 400 1249 492 τρίτον

151 522 250 606 μέρος
270 525 329 610 τῆς
349 519 477 605 νυκτός,
509 528 578 593 tum
609 521 751 587 locorum
781 521 860 586 situs
889 520 990 586 multu
1021 516 1202 584 accuratius
1229 535 1251 580 a

152 633 283 718 Polybio
306 655 401 716 quam
424 656 445 700 a
466 632 801 703 Liriodescribuntur

355 764 574 819 Pol.3.92.10
750 816 753 819 ,
784 778 795 792 ‘
833 811 836 815 ,
865 761 987 816 Liv.22.
1007 763 1040 816 16

156 849 283 937 ,Φάβιος
304 850 359 926 ἐπ’
378 853 479 943 αὐτῆς
506 860 574 944 τῆς
601 857 701 923 διτκ-
744 854 862 925 Fabius
894 861 927 920 et
958 855 1115 920 Minucius
1145 860 1252 920 eastra

153 965 277 1052 βολῆς
299 963 377 1050 περὶ
398 967 483 1032 4000
505 964 668 1054 ἐπέστησε
744 967 883 1032 inviam
906 965 1061 1045 deferunt,
1083 986 1146 1048 qua
1163 965 1252 1031 Han-

154 1069 254 1162 αὐτὸς
275 1075 312 1142 δὲ
332 1075 371 1142 τὸ
394 1074 481 1143 πολὺ
503 1078 601 1163 μέρος
624 1074 704 1160 dictor
747 1079 836 1144 nibal
858 1079 1011 1145 ducturus
1033 1083 1101 1145 erat

154 1189 213 1271 τῆς
240 1169 405 1270 δυνάμεως
433 1183 505 1253 ἐπί
530 1211 618 1253 τινα
644 1184 715 1254 λό-,
744 1188 886 1254 inclusus
913 1188 988 1253 inde
1010 1187 1110 1253 videri
1130 1186 1249 1251 Hanni-

155 1318 230 1384 φον
265 1293 505 1384 ὑπερδέξιον
538 1295 604 1384 πρὸ
636 1301 703 1362 τῶν
745 1298 835 1364 nibal
856 1299 907 1362 nia
928 1299 973 1362 ud
997 1297 1173 1361 Casilinum
1196 1294 1252 1361 ob-

55 1438 58 1443 ·
157 1411 278 1472 στενῶν
298 1405 639 1492 κατεστρατοπέδευσε
747 1428 834 1474 ττττο

98 1520 106 1531 ’
156 1520 208 1585 93.
234 1521 250 1583 1
274 1523 339 1584 τῶν
354 1517 584 1606 Καρχηδονίων
607 1539 705 1606 ποιη-
746 1519 786 1583 Η.
808 1540 880 1584 cum
901 1539 958 1601 per
979 1516 1152 1582 Casilinum
1181 1535 1254 1581 eva·

157 1629 305 1713 σαμένων
336 1629 395 1719 τὴν
427 1627 639 1719 παρεμβολὴν
671 1628 705 1695 έν
747 1630 822 1696 dere
843 1650 908 1695 non
926 1635 1041 1712 posset,
1063 1627 1255 1711 petendique

156 1742 229 1819 τοῖς
265 1737 482 1818 ἐπιπέδοις
517 1735 575 1806 ὕπ’
606 1733 706 1830 αὐτὴν
748 1746 872 1806 montes
899 1745 932 1805 et
952 1739 1060 1821 iugum
1082 1735 1255 1813 Calliculae
1332 1783 1334 1787 -

157 1847 216 1938 τὴν
237 1846 425 1936 παρώρειαν
750 1850 962 1935 ταραττέτω
988 1853 1071 1915 esset

188 1962 224 2042 5.Δ
242 1957 394 2044 ὑπέδειξε
417 1961 454 2029 δέ
474 1966 546 2041 τοῖς
568 1962 710 2049 λειτουρ-

159 2075 231 2156 γοῖς
251 2067 478 2161 ὑπερβολήν
498 2096 573 2138 τινα
589 2070 710 2157 μεταξὺ
753 2078 790 2139 ut
810 2073 906 2139 boves
926 2077 1034 2157 ageret
1049 2072 1256 2157 supersuitur

160 2182 309 2271 κειμένην
331 2189 389 2273 τῆς
410 2179 510 2250 αὑτοῦ
529 2187 711 2273 οτρατοπέ-
753 2188 795 2252 ab
818 2187 910 2253 hoste
931 2186 1074 2253 obsessos

159 2291 249 2373 δείας
269 2292 326 2359 καὶ
346 2298 411 2361 τῶν
434 2299 555 2361 στενῶν

152 2428 254 2501 1ροπο
283 2429 414 2473 caussae
441 2429 524 2490 quae
550 2408 685 2474 manime
706 2408 920 2475 Hannibalem
939 2410 1110 2476 movebant
1129 2414 1167 2477 ut
1186 2409 1258 2494 pla
1299 2410 1302 2415 ’

153 2514 237 2582 ‘nitie
265 2517 366 2583 exiret
393 2517 512 2600 praeda
538 2519 572 2582 in
600 2525 705 2585 tutum
726 2519 892 2586 referenda
914 2520 1131 2600 exercitusque
1152 2519 1186 2584 in
1208 2519 1257 2585 hi-

160 2628 260 2694 berna
288 2628 467 2707 ducendus,
504 2636 652 2696 aestuate
674 2631 794 2712 dictae,
831 2639 899 2697 tum
920 2631 1055 2714 agnimis
1076 2652 1132 2714 per
1158 2630 1258 2696 saltus

160 2739 268 2805 fauces
290 2736 445 2805 elabentis
472 2740 550 2805 ordo
576 2742 815 2826 diligentissime
836 2743 1015 2810 declaratus
1037 2745 1177 2828 ,πρῶτα
1198 2739 1259 2824 μέν

162 2846 204 2915 τὰ
225 2848 332 2937 βαρέα,
348 2853 414 2916 τῶν
434 2845 556 2934 ὅπλων,
581 2850 641 2917 ἐπὶ
663 2852 700 2920 δὲ
720 2851 850 2932 τούτοις
870 2850 947 2931 τοὺς
967 2847 1180 2932 inarsisset,
1205 2852 1260 2918 de-

162 2962 259 3044 nique
279 2961 404 3045 singula
425 2962 511 3027 iussa
533 2962 724 3030 Hannibalis
747 2964 812 3044 (93.
835 2966 886 3044 4),
915 2969 951 3029 ut
972 2961 1155 3029 Hasdrubal
1175 2961 1260 3025 2000

163 3075 259 3143 bores
279 3080 419 3159 pararet,
440 3080 477 3139 ut
496 3073 575 3140 levis
595 3082 758 3140 armatura
779 3076 875 3140 boves
896 3081 1014 3159 ageret,
1037 3081 1068 3141 et
1089 3077 1261 3140 transitum

166 3205 187 3250 a
207 3186 307 3250 latere
326 3182 469 3248 firmaret
490 3183 556 3266 (93.
573 3183 620 3268 9),
641 3185 720 3248 haec
741 3183 847 3248 omnia
868 3189 934 3248 tam
956 3188 1104 3249 accurate
1127 3205 1147 3248 a
1169 3183 1262 3267 Poly-

165 3297 219 3364 bio
233 3300 416 3373 narrantur,
429 3299 467 3360 ut
480 3295 624 3378 primarii
640 3294 970 3378 Carthaginiensisque
986 3293 1113 3378 (Sileni)
1130 3293 1276 3375 scriptu„

168 3408 213 3475 ris
240 3407 275 3472 iu
302 3407 342 3471 iis
368 3405 501 3489 uestigia
531 3426 603 3471 eum
630 3408 782 3490 pressisse
809 3407 887 3471 satis
913 3409 1067 3488 appareat
1074 3431 1084 3483 3
1113 3425 1131 3469 e
1156 3403 1262 3468 Sileno

168 3539 293 3601 quoque
314 3520 456 3584 narratio
478 3517 517 3584 de
538 3518 648 3597 Fabio,
671 3519 726 3601 qui
748 3517 918 3584 fallebatur
939 3518 1054 3583 hausta
1075 3522 1131 3596 est,
1153 3521 1264 3582 atver-

168 3630 211 3695 ba
242 3625 394 3713 ,,-Φάβιος
427 3626 511 3694 κατὰ
542 3625 600 3694 τὸν
631 3627 772 3717 ποιητὴν
801 3624 996 3711 οἶσσάμενος
1029 3624 1126 3693 δόλον
1157 3617 1265 3691 εἶναια

170 3740 439 3825 Carthaginiensis
471 3741 634 3824 scriptoris
666 3743 843 3810 Romanum
875 3742 1063 3810 dictatorem
1093 3737 1265 3805 deridentis

171 3853 306 3919 fortasse
328 3860 405 3925 sunt
427 3855 493 3939 (94.
515 3855 562 3939 4).
867 3858 870 3861 ’

214 4009 217 4015 ·
257 3986 285 4031 ο.
309 3965 512 4045 94οἰ1τοσττ
534 3985 659 4048 quoque
681 3969 806 4031 secutus
828 3983 895 4030 esse
915 3958 1067 4045 Polybius
1087 3979 1126 4025 ea
1147 3979 1182 4023 re
1201 3957 1268 4023 for·
