<?xml version="1.0" encoding="UTF-8"?>
<!DOCTYPE html PUBLIC "-//W3C//DTD XHTML 1.0 Transitional//EN"
    "http://www.w3.org/TR/xhtml1/DTD/xhtml1-transitional.dtd">
<html xmlns="http://www.w3.org/1999/xhtml" xml:lang="en" lang="en">
 <head>
  <title>
</title>
<meta http-equiv="Content-Type" content="text/html;charset=utf-8" />
  <meta name='ocr-system' content='tesseract 3.04.00' />
  <meta name='ocr-capabilities' content='ocr_page ocr_carea ocr_par ocr_line ocrx_word'/>
</head>
<body>
  <div class='ocr_page' id='page_1' title='image "./quaeriturundebe00vollgoog_0069.png"; bbox 0 0 2858 4612; ppageno 0'>
   <div class='ocr_carea' id='block_1_1' title="bbox 764 221 814 294">
    <p class='ocr_par' dir='ltr' id='par_1_1' title="bbox 764 221 814 294">
     <span class='ocr_line' id='line_1_1' title="bbox 764 221 814 294; baseline 0.04 -2"><span class='ocrx_word' id='word_1_1' title='bbox 764 221 814 294; x_wconf 80' lang='lat'><strong>64</strong></span> 
     </span>
    </p>
   </div>
   <div class='ocr_carea' id='block_1_2' title="bbox 327 419 1340 609">
    <p class='ocr_par' dir='ltr' id='par_1_2' title="bbox 327 419 1340 609">
     <span class='ocr_line' id='line_1_2' title="bbox 762 419 815 485; baseline -0.019 0"><span class='ocrx_word' id='word_1_2' title='bbox 762 419 815 485; x_wconf 91' lang='lat' dir='ltr'><strong>IV.</strong></span> 
     </span>
     <span class='ocr_line' id='line_1_3' title="bbox 327 484 1340 609; baseline -0.002 -17"><span class='ocrx_word' id='word_1_3' title='bbox 327 548 353 592; x_wconf 92' lang='lat' dir='ltr'><strong>c.</strong></span> <span class='ocrx_word' id='word_1_4' title='bbox 377 526 433 589; x_wconf 76' lang='lat'><strong>7-</strong></span> <span class='ocrx_word' id='word_1_5' title='bbox 443 525 481 589; x_wconf 88' lang='lat'><strong>18</strong></span> <span class='ocrx_word' id='word_1_6' title='bbox 509 527 543 590; x_wconf 93' lang='lat' dir='ltr'><strong>in</strong></span> <span class='ocrx_word' id='word_1_7' title='bbox 564 527 658 592; x_wconf 91' lang='lat' dir='ltr'><strong>rebus</strong></span> <span class='ocrx_word' id='word_1_8' title='bbox 679 528 810 593; x_wconf 89' lang='lat' dir='ltr'><strong>urbanis</strong></span> <span class='ocrx_word' id='word_1_9' title='bbox 832 527 984 609; x_wconf 85' lang='lat' dir='ltr'><strong>Fabiique</strong></span> <span class='ocrx_word' id='word_1_10' title='bbox 1006 484 1165 592; x_wconf 84' lang='lat' dir='ltr'><strong>dictatura</strong></span> <span class='ocrx_word' id='word_1_11' title='bbox 1188 546 1340 592; x_wconf 90' lang='lat' dir='ltr'><strong>enarran-</strong></span> 
     </span>
    </p>
   </div>
   <div class='ocr_carea' id='block_1_3' title="bbox 137 634 1404 2281">
    <p class='ocr_par' dir='ltr' id='par_1_3' title="bbox 137 634 1404 2281">
     <span class='ocr_line' id='line_1_4' title="bbox 137 634 1339 721; baseline -0.002 -19"><span class='ocrx_word' id='word_1_12' title='bbox 137 634 140 639; x_wconf 47' lang='lat'><strong>⁴</strong></span> <span class='ocrx_word' id='word_1_13' title='bbox 243 637 292 709; x_wconf 85' lang='lat' dir='ltr'><strong>dis</strong></span> <span class='ocrx_word' id='word_1_14' title='bbox 307 635 448 702; x_wconf 78' lang='lat' dir='ltr'><strong>Caelium</strong></span> <span class='ocrx_word' id='word_1_15' title='bbox 464 637 571 702; x_wconf 83' lang='lat' dir='ltr'><strong>Livius</strong></span> <span class='ocrx_word' id='word_1_16' title='bbox 586 658 656 703; x_wconf 91' lang='lat' dir='ltr'><strong>meo</strong></span> <span class='ocrx_word' id='word_1_17' title='bbox 671 638 797 721; x_wconf 89' lang='lat' dir='ltr'><strong>quidem</strong></span> <span class='ocrx_word' id='word_1_18' title='bbox 818 639 934 704; x_wconf 89' lang='lat' dir='ltr'><strong>iudicio</strong></span> <span class='ocrx_word' id='word_1_19' title='bbox 957 660 1021 703; x_wconf 90' lang='lat' dir='ltr'><strong>nou</strong></span> <span class='ocrx_word' id='word_1_20' title='bbox 1043 644 1168 704; x_wconf 90' lang='lat' dir='ltr'><strong>secutus</strong></span> <span class='ocrx_word' id='word_1_21' title='bbox 1189 644 1246 715; x_wconf 88' lang='lat' dir='ltr'><strong>est,</strong></span> <span class='ocrx_word' id='word_1_22' title='bbox 1267 657 1339 700; x_wconf 92' lang='lat' dir='ltr'><strong>oum</strong></span> 
     </span>
     <span class='ocr_line' id='line_1_5' title="bbox 168 731 1340 830; baseline -0.001 -18"><span class='ocrx_word' id='word_1_23' title='bbox 168 737 170 743; x_wconf 53' lang='grc'><em>’</em></span> <span class='ocrx_word' id='word_1_24' title='bbox 243 747 329 812; x_wconf 86' lang='lat' dir='ltr'><strong>dicat</strong></span> <span class='ocrx_word' id='word_1_25' title='bbox 351 747 507 830; x_wconf 83' lang='lat' dir='ltr'><strong>„populus</strong></span> <span class='ocrx_word' id='word_1_26' title='bbox 525 769 586 829; x_wconf 79' lang='lat' dir='ltr'><strong>pro</strong></span> <span class='ocrx_word' id='word_1_27' title='bbox 607 748 787 812; x_wconf 78' lang='lat' dir='ltr'><strong>dictatorem</strong></span> <span class='ocrx_word' id='word_1_28' title='bbox 803 749 922 814; x_wconf 86' lang='lat' dir='ltr'><strong>creavit</strong></span> <span class='ocrx_word' id='word_1_29' title='bbox 937 749 972 827; x_wconf 80' lang='lat' dir='ltr'><strong>Q.</strong></span> <span class='ocrx_word' id='word_1_30' title='bbox 989 747 1122 813; x_wconf 88' lang='lat' dir='ltr'><strong>Fabium</strong></span> <span class='ocrx_word' id='word_1_31' title='bbox 1137 731 1340 824; x_wconf 86' lang='lat' dir='ltr'><strong>Maximum,“</strong></span> 
     </span>
     <span class='ocr_line' id='line_1_6' title="bbox 244 857 1341 943; baseline -0.002 -19"><span class='ocrx_word' id='word_1_32' title='bbox 244 857 385 924; x_wconf 82' lang='lat' dir='ltr'><strong>Caelium</strong></span> <span class='ocrx_word' id='word_1_33' title='bbox 409 865 514 923; x_wconf 88' lang='lat' dir='ltr'><strong>autem</strong></span> <span class='ocrx_word' id='word_1_34' title='bbox 536 859 686 943; x_wconf 90' lang='lat' dir='ltr'><strong>populum</strong></span> <span class='ocrx_word' id='word_1_35' title='bbox 709 861 895 925; x_wconf 89' lang='lat' dir='ltr'><strong>dictatorem</strong></span> <span class='ocrx_word' id='word_1_36' title='bbox 910 882 1033 927; x_wconf 81' lang='lat' dir='ltr'>creasse</span> <span class='ocrx_word' id='word_1_37' title='bbox 1048 861 1182 927; x_wconf 85' lang='lat' dir='ltr'><strong>Fabium</strong></span> <span class='ocrx_word' id='word_1_38' title='bbox 1194 879 1341 924; x_wconf 89' lang='lat' dir='ltr'><strong>narrasse</strong></span> 
     </span>
     <span class='ocr_line' id='line_1_7' title="bbox 243 969 1404 1054; baseline 0.002 -19"><span class='ocrx_word' id='word_1_39' title='bbox 243 989 309 1035; x_wconf 88' lang='lat' dir='ltr'><strong>ec.</strong></span> <span class='ocrx_word' id='word_1_40' title='bbox 333 969 373 1032; x_wconf 88' lang='lat'><strong>31</strong></span> <span class='ocrx_word' id='word_1_41' title='bbox 397 969 579 1048; x_wconf 82' lang='lat' dir='ltr'><strong>videamus3</strong></span> <span class='ocrx_word' id='word_1_42' title='bbox 614 975 783 1054; x_wconf 89' lang='lat' dir='ltr'><strong>propterea</strong></span> <span class='ocrx_word' id='word_1_43' title='bbox 810 971 870 1036; x_wconf 90' lang='lat' dir='ltr'><strong>hoc</strong></span> <span class='ocrx_word' id='word_1_44' title='bbox 895 971 966 1037; x_wconf 90' lang='lat' dir='ltr'><strong>loco</strong></span> <span class='ocrx_word' id='word_1_45' title='bbox 987 972 1095 1036; x_wconf 84' lang='lat' dir='ltr'><strong>Livius</strong></span> <span class='ocrx_word' id='word_1_46' title='bbox 1117 971 1213 1037; x_wconf 88' lang='lat' dir='ltr'><strong>alium</strong></span> <span class='ocrx_word' id='word_1_47' title='bbox 1235 975 1341 1053; x_wconf 89' lang='lat' dir='ltr'><strong>poste-</strong></span> <span class='ocrx_word' id='word_1_48' title='bbox 1398 1030 1404 1037; x_wconf 86' lang='lat'><strong>.</strong></span> 
     </span>
     <span class='ocr_line' id='line_1_8' title="bbox 243 1082 1341 1166; baseline -0.003 -19"><span class='ocrx_word' id='word_1_49' title='bbox 243 1082 358 1147; x_wconf 85' lang='lat' dir='ltr'><strong>riorem</strong></span> <span class='ocrx_word' id='word_1_50' title='bbox 380 1082 544 1146; x_wconf 89' lang='lat' dir='ltr'><strong>annalium</strong></span> <span class='ocrx_word' id='word_1_51' title='bbox 568 1082 754 1163; x_wconf 82' lang='lat' dir='ltr'><strong>scriptorem</strong></span> <span class='ocrx_word' id='word_1_52' title='bbox 775 1086 931 1165; x_wconf 90' lang='lat' dir='ltr'><strong>sequitur,</strong></span> <span class='ocrx_word' id='word_1_53' title='bbox 963 1084 1017 1166; x_wconf 89' lang='lat' dir='ltr'><strong>qui</strong></span> <span class='ocrx_word' id='word_1_54' title='bbox 1039 1084 1119 1148; x_wconf 91' lang='lat' dir='ltr'><strong>alias</strong></span> <span class='ocrx_word' id='word_1_55' title='bbox 1142 1082 1341 1147; x_wconf 83' lang='lat' dir='ltr'><strong>narrationes</strong></span> 
     </span>
     <span class='ocr_line' id='line_1_9' title="bbox 243 1191 1341 1276; baseline -0.005 -20"><span class='ocrx_word' id='word_1_56' title='bbox 243 1191 437 1270; x_wconf 84' lang='lat' dir='ltr'><strong>emendavit3</strong></span> <span class='ocrx_word' id='word_1_57' title='bbox 459 1192 492 1255; x_wconf 89' lang='lat' dir='ltr'><strong>id</strong></span> <span class='ocrx_word' id='word_1_58' title='bbox 515 1192 685 1257; x_wconf 86' lang='lat' dir='ltr'><strong>ostendunt</strong></span> <span class='ocrx_word' id='word_1_59' title='bbox 706 1213 831 1276; x_wconf 86' lang='lat' dir='ltr'><strong>quoque</strong></span> <span class='ocrx_word' id='word_1_60' title='bbox 852 1192 949 1258; x_wconf 81' lang='lat' dir='ltr'><strong>verba</strong></span> <span class='ocrx_word' id='word_1_61' title='bbox 971 1193 1022 1256; x_wconf 71' lang='lat'><strong>22.</strong></span> <span class='ocrx_word' id='word_1_62' title='bbox 1044 1192 1085 1255; x_wconf 89' lang='grc'><strong>31</strong></span> <span class='ocrx_word' id='word_1_63' title='bbox 1109 1191 1245 1254; x_wconf 82' lang='lat' dir='ltr'><strong>omnium</strong></span> <span class='ocrx_word' id='word_1_64' title='bbox 1263 1210 1341 1270; x_wconf 81' lang='lat' dir='ltr'><strong>pro-</strong></span> 
     </span>
     <span class='ocr_line' id='line_1_10' title="bbox 238 1298 1341 1386; baseline -0.005 -21"><span class='ocrx_word' id='word_1_65' title='bbox 238 1324 281 1386; x_wconf 83' lang='lat' dir='ltr'><strong>pe</strong></span> <span class='ocrx_word' id='word_1_66' title='bbox 302 1301 432 1366; x_wconf 79' lang='lat' dir='ltr'><strong>annales</strong></span> <span class='ocrx_word' id='word_1_67' title='bbox 455 1300 588 1366; x_wconf 84' lang='lat' dir='ltr'><strong>Fabium</strong></span> <span class='ocrx_word' id='word_1_68' title='bbox 609 1299 795 1366; x_wconf 89' lang='lat' dir='ltr'><strong>dictatorem</strong></span> <span class='ocrx_word' id='word_1_69' title='bbox 817 1303 967 1367; x_wconf 88' lang='lat' dir='ltr'><strong>adversus</strong></span> <span class='ocrx_word' id='word_1_70' title='bbox 989 1301 1028 1364; x_wconf 90' lang='lat' dir='ltr'><strong>H.</strong></span> <span class='ocrx_word' id='word_1_71' title='bbox 1044 1323 1110 1366; x_wconf 90' lang='lat' dir='ltr'><strong>rem</strong></span> <span class='ocrx_word' id='word_1_72' title='bbox 1126 1298 1258 1384; x_wconf 84' lang='lat' dir='ltr'><strong>gessisse</strong></span> <span class='ocrx_word' id='word_1_73' title='bbox 1274 1304 1341 1361; x_wconf 86' lang='lat' dir='ltr'><strong>tra.-</strong></span> 
     </span>
     <span class='ocr_line' id='line_1_11' title="bbox 244 1408 1339 1496; baseline -0.006 -19"><span class='ocrx_word' id='word_1_74' title='bbox 244 1412 354 1490; x_wconf 89' lang='lat' dir='ltr'><strong>dunt,“</strong></span> <span class='ocrx_word' id='word_1_75' title='bbox 380 1411 435 1476; x_wconf 92' lang='lat' dir='ltr'><strong>ubi</strong></span> <span class='ocrx_word' id='word_1_76' title='bbox 455 1411 661 1494; x_wconf 84' lang='lat' dir='ltr'><strong>posteriorem</strong></span> <span class='ocrx_word' id='word_1_77' title='bbox 682 1412 847 1476; x_wconf 89' lang='lat' dir='ltr'><strong>annalium</strong></span> <span class='ocrx_word' id='word_1_78' title='bbox 869 1413 1054 1496; x_wconf 80' lang='lat' dir='ltr'><strong>scriptorem</strong></span> <span class='ocrx_word' id='word_1_79' title='bbox 1084 1408 1247 1475; x_wconf 81' lang='lat' dir='ltr'><strong>Valerium</strong></span> <span class='ocrx_word' id='word_1_80' title='bbox 1271 1411 1339 1471; x_wconf 80' lang='lat' dir='ltr'><strong>Aa·</strong></span> 
     </span>
     <span class='ocr_line' id='line_1_12' title="bbox 244 1522 1341 1607; baseline -0.003 -18"><span class='ocrx_word' id='word_1_81' title='bbox 244 1525 351 1590; x_wconf 69' lang='lat' dir='ltr'><strong>dictem</strong></span> <span class='ocrx_word' id='word_1_82' title='bbox 377 1529 542 1607; x_wconf 86' lang='lat' dir='ltr'><strong>exceptum</strong></span> <span class='ocrx_word' id='word_1_83' title='bbox 569 1544 637 1589; x_wconf 88' lang='lat' dir='ltr'><strong>esse</strong></span> <span class='ocrx_word' id='word_1_84' title='bbox 664 1544 722 1606; x_wconf 87' lang='lat' dir='ltr'><strong>ego</strong></span> <span class='ocrx_word' id='word_1_85' title='bbox 745 1525 822 1589; x_wconf 90' lang='lat' dir='ltr'><strong>mihi</strong></span> <span class='ocrx_word' id='word_1_86' title='bbox 843 1545 1029 1607; x_wconf 84' lang='lat' dir='ltr'><strong>persuasum</strong></span> <span class='ocrx_word' id='word_1_87' title='bbox 1050 1524 1151 1589; x_wconf 90' lang='lat' dir='ltr'><strong>habeo</strong></span> <span class='ocrx_word' id='word_1_88' title='bbox 1174 1544 1244 1602; x_wconf 91' lang='lat' dir='ltr'><strong>„res</strong></span> <span class='ocrx_word' id='word_1_89' title='bbox 1266 1522 1341 1587; x_wconf 89' lang='lat' dir='ltr'><strong>inde</strong></span> 
     </span>
     <span class='ocr_line' id='line_1_13' title="bbox 243 1635 1341 1722; baseline -0.004 -20"><span class='ocrx_word' id='word_1_90' title='bbox 243 1643 350 1722; x_wconf 88' lang='lat' dir='ltr'><strong>gestas</strong></span> <span class='ocrx_word' id='word_1_91' title='bbox 379 1635 575 1719; x_wconf 85' lang='lat' dir='ltr'><strong>gloriamque</strong></span> <span class='ocrx_word' id='word_1_92' title='bbox 601 1637 755 1719; x_wconf 84' lang='lat' dir='ltr'><strong>insignem</strong></span> <span class='ocrx_word' id='word_1_93' title='bbox 777 1636 919 1702; x_wconf 83' lang='lat' dir='ltr'><strong>duciset</strong></span> <span class='ocrx_word' id='word_1_94' title='bbox 939 1642 1089 1720; x_wconf 90' lang='lat' dir='ltr'><strong>augentes</strong></span> <span class='ocrx_word' id='word_1_95' title='bbox 1111 1637 1239 1702; x_wconf 90' lang='lat' dir='ltr'><strong>titulum</strong></span> <span class='ocrx_word' id='word_1_96' title='bbox 1261 1636 1341 1698; x_wconf 91' lang='lat' dir='ltr'><strong>ima-</strong></span> 
     </span>
     <span class='ocr_line' id='line_1_14' title="bbox 212 1747 1342 1839; baseline -0.003 -24"><span class='ocrx_word' id='word_1_97' title='bbox 212 1750 217 1763; x_wconf 89' lang='lat'>&#39;</span> <span class='ocrx_word' id='word_1_98' title='bbox 245 1750 326 1834; x_wconf 89' lang='lat' dir='ltr'><strong>ginis</strong></span> <span class='ocrx_word' id='word_1_99' title='bbox 346 1754 507 1833; x_wconf 89' lang='lat' dir='ltr'><strong>posteros,</strong></span> <span class='ocrx_word' id='word_1_100' title='bbox 540 1755 577 1813; x_wconf 92' lang='lat' dir='ltr'><strong>ut</strong></span> <span class='ocrx_word' id='word_1_101' title='bbox 597 1749 652 1830; x_wconf 92' lang='lat' dir='ltr'><strong>qui</strong></span> <span class='ocrx_word' id='word_1_102' title='bbox 674 1770 732 1832; x_wconf 89' lang='lat' dir='ltr'><strong>pro</strong></span> <span class='ocrx_word' id='word_1_103' title='bbox 754 1749 910 1823; x_wconf 73' lang='lat' dir='ltr'><strong>dictatore</strong></span> <span class='ocrx_word' id='word_1_104' title='bbox 932 1749 1070 1815; x_wconf 88' lang='lat' dir='ltr'><strong>dictator</strong></span> <span class='ocrx_word' id='word_1_105' title='bbox 1092 1749 1271 1839; x_wconf 86' lang='lat' dir='ltr'><strong>crederetur</strong></span> <span class='ocrx_word' id='word_1_106' title='bbox 1293 1747 1309 1812; x_wconf 85' lang='lat' dir='ltr'>f</span> <span class='ocrx_word' id='word_1_107' title='bbox 1328 1785 1342 1798; x_wconf 92' lang='lat'><strong>·</strong></span> 
     </span>
     <span class='ocr_line' id='line_1_15' title="bbox 244 1853 1383 1928; baseline -0.006 0"><span class='ocrx_word' id='word_1_108' title='bbox 244 1861 304 1928; x_wconf 89' lang='lat' dir='ltr'><strong>cile</strong></span> <span class='ocrx_word' id='word_1_109' title='bbox 325 1860 528 1926; x_wconf 87' lang='lat' dir='ltr'><strong>obtinuisse“.</strong></span> <span class='ocrx_word' id='word_1_110' title='bbox 1380 1853 1383 1856; x_wconf 71' lang='grc'><strong>’</strong></span> 
     </span>
     <span class='ocr_line' id='line_1_16' title="bbox 329 1970 1341 2055; baseline -0.002 -17"><span class='ocrx_word' id='word_1_111' title='bbox 329 1973 398 2044; x_wconf 82' lang='grc' dir='ltr'><strong>ο.9</strong></span> <span class='ocrx_word' id='word_1_112' title='bbox 436 1971 624 2037; x_wconf 87' lang='lat' dir='ltr'><strong>Hannibalis</strong></span> <span class='ocrx_word' id='word_1_113' title='bbox 652 1970 714 2035; x_wconf 89' lang='lat' dir='ltr'><strong>iter</strong></span> <span class='ocrx_word' id='word_1_114' title='bbox 743 1992 799 2055; x_wconf 88' lang='lat' dir='ltr'><strong>per</strong></span> <span class='ocrx_word' id='word_1_115' title='bbox 828 1970 993 2036; x_wconf 87' lang='lat' dir='ltr'><strong>Umbriam</strong></span> <span class='ocrx_word' id='word_1_116' title='bbox 1021 1971 1064 2036; x_wconf 89' lang='lat' dir='ltr'><strong>ad</strong></span> <span class='ocrx_word' id='word_1_117' title='bbox 1094 1993 1182 2037; x_wconf 91' lang='lat' dir='ltr'><strong>mare</strong></span> <span class='ocrx_word' id='word_1_118' title='bbox 1211 1972 1341 2037; x_wconf 86' lang='lat' dir='ltr'><strong>Adriam</strong></span> 
     </span>
     <span class='ocr_line' id='line_1_17' title="bbox 245 2081 1342 2166; baseline -0.005 -13"><span class='ocrx_word' id='word_1_119' title='bbox 245 2091 413 2153; x_wconf 88' lang='lat' dir='ltr'><strong>enarratur</strong></span> <span class='ocrx_word' id='word_1_120' title='bbox 439 2105 457 2150; x_wconf 91' lang='lat' dir='ltr'><strong>e</strong></span> <span class='ocrx_word' id='word_1_121' title='bbox 489 2084 593 2149; x_wconf 79' lang='lat' dir='ltr'><strong>Caelio</strong></span> <span class='ocrx_word' id='word_1_122' title='bbox 622 2083 677 2164; x_wconf 88' lang='lat' dir='ltr'><strong>(of.</strong></span> <span class='ocrx_word' id='word_1_123' title='bbox 700 2082 808 2166; x_wconf 86' lang='lat' dir='ltr'><strong>Polyb.</strong></span> <span class='ocrx_word' id='word_1_124' title='bbox 833 2081 862 2146; x_wconf 91' lang='lat'><strong>3.</strong></span> <span class='ocrx_word' id='word_1_125' title='bbox 886 2081 936 2147; x_wconf 84' lang='grc'><strong>86.</strong></span> <span class='ocrx_word' id='word_1_126' title='bbox 960 2081 1073 2146; x_wconf 78' lang='grc'><strong>8-87.</strong></span> <span class='ocrx_word' id='word_1_127' title='bbox 1096 2084 1134 2161; x_wconf 79' lang='lat' dir='ltr'><strong>b,</strong></span> <span class='ocrx_word' id='word_1_128' title='bbox 1172 2082 1342 2148; x_wconf 85' lang='lat' dir='ltr'><strong>Boettcher</strong></span> 
     </span>
     <span class='ocr_line' id='line_1_18' title="bbox 244 2194 534 2281; baseline -0.007 -21"><span class='ocrx_word' id='word_1_129' title='bbox 244 2195 318 2261; x_wconf 85' lang='lat' dir='ltr'><strong>lc.</strong></span> <span class='ocrx_word' id='word_1_130' title='bbox 345 2218 374 2281; x_wconf 91' lang='lat' dir='ltr'><strong>p.</strong></span> <span class='ocrx_word' id='word_1_131' title='bbox 397 2194 534 2259; x_wconf 81' lang='lat'><strong>418-9.</strong></span> 
     </span>
    </p>
   </div>
   <div class='ocr_carea' id='block_1_4' title="bbox 246 2294 1343 2596">
    <p class='ocr_par' dir='ltr' id='par_1_4' title="bbox 246 2294 1343 2596">
     <span class='ocr_line' id='line_1_19' title="bbox 330 2294 1342 2384; baseline -0.002 -13"><span class='ocrx_word' id='word_1_132' title='bbox 330 2294 487 2371; x_wconf 64' lang='lat' dir='ltr'><strong>atr-10</strong></span> <span class='ocrx_word' id='word_1_133' title='bbox 513 2325 564 2369; x_wconf 89' lang='lat' dir='ltr'><strong>res</strong></span> <span class='ocrx_word' id='word_1_134' title='bbox 586 2303 728 2369; x_wconf 89' lang='lat' dir='ltr'><strong>urbanae</strong></span> <span class='ocrx_word' id='word_1_135' title='bbox 748 2304 918 2369; x_wconf 89' lang='lat' dir='ltr'><strong>traduntur</strong></span> <span class='ocrx_word' id='word_1_136' title='bbox 940 2326 957 2370; x_wconf 90' lang='lat' dir='ltr'><strong>e</strong></span> <span class='ocrx_word' id='word_1_137' title='bbox 977 2305 1104 2370; x_wconf 87' lang='lat' dir='ltr'><strong>Valerio</strong></span> <span class='ocrx_word' id='word_1_138' title='bbox 1126 2305 1270 2384; x_wconf 87' lang='lat' dir='ltr'><strong>Antiate,</strong></span> <span class='ocrx_word' id='word_1_139' title='bbox 1306 2310 1342 2369; x_wconf 93' lang='lat' dir='ltr'><strong>ut</strong></span> 
     </span>
     <span class='ocr_line' id='line_1_20' title="bbox 246 2414 1339 2508; baseline -0.005 -25"><span class='ocrx_word' id='word_1_140' title='bbox 246 2419 434 2508; x_wconf 84' lang='lat' dir='ltr'><strong>cognomina</strong></span> <span class='ocrx_word' id='word_1_141' title='bbox 456 2417 627 2483; x_wconf 90' lang='lat' dir='ltr'><strong>ostendunt</strong></span> <span class='ocrx_word' id='word_1_142' title='bbox 648 2416 684 2480; x_wconf 89' lang='lat' dir='ltr'><strong>L.</strong></span> <span class='ocrx_word' id='word_1_143' title='bbox 701 2414 864 2481; x_wconf 83' lang='lat' dir='ltr'><strong>Cornelius</strong></span> <span class='ocrx_word' id='word_1_144' title='bbox 887 2416 1050 2495; x_wconf 88' lang='lat' dir='ltr'><strong>Lentulus,</strong></span> <span class='ocrx_word' id='word_1_145' title='bbox 1073 2417 1107 2494; x_wconf 81' lang='lat' dir='ltr'><strong>Q.</strong></span> <span class='ocrx_word' id='word_1_146' title='bbox 1124 2416 1241 2482; x_wconf 84' lang='lat' dir='ltr'><strong>Fabius</strong></span> <span class='ocrx_word' id='word_1_147' title='bbox 1256 2415 1339 2481; x_wconf 89' lang='lat' dir='ltr'><strong>Max.</strong></span> 
     </span>
     <span class='ocr_line' id='line_1_21' title="bbox 331 2528 1343 2596; baseline -0.004 -1"><span class='ocrx_word' id='word_1_148' title='bbox 331 2551 358 2596; x_wconf 92' lang='lat' dir='ltr'><strong>c.</strong></span> <span class='ocrx_word' id='word_1_149' title='bbox 385 2528 508 2593; x_wconf 84' lang='lat'>11-18</span> <span class='ocrx_word' id='word_1_150' title='bbox 537 2529 571 2592; x_wconf 89' lang='lat' dir='ltr'><strong>in</strong></span> <span class='ocrx_word' id='word_1_151' title='bbox 593 2528 684 2592; x_wconf 88' lang='lat' dir='ltr'><strong>Fabii</strong></span> <span class='ocrx_word' id='word_1_152' title='bbox 705 2528 865 2593; x_wconf 90' lang='lat' dir='ltr'><strong>dictatura</strong></span> <span class='ocrx_word' id='word_1_153' title='bbox 886 2535 919 2593; x_wconf 90' lang='lat' dir='ltr'><strong>et</strong></span> <span class='ocrx_word' id='word_1_154' title='bbox 941 2531 1142 2595; x_wconf 88' lang='lat' dir='ltr'><strong>cunctatione</strong></span> <span class='ocrx_word' id='word_1_155' title='bbox 1164 2528 1343 2592; x_wconf 88' lang='lat' dir='ltr'><strong>describen-</strong></span> 
     </span>
    </p>
   </div>
   <div class='ocr_carea' id='block_1_5' title="bbox 241 2639 1401 4065">
    <p class='ocr_par' dir='ltr' id='par_1_5' title="bbox 246 2639 1344 2943">
     <span class='ocr_line' id='line_1_22' title="bbox 246 2639 1344 2724; baseline -0.001 -19"><span class='ocrx_word' id='word_1_156' title='bbox 246 2640 294 2705; x_wconf 88' lang='lat' dir='ltr'><strong>dis</strong></span> <span class='ocrx_word' id='word_1_157' title='bbox 309 2639 457 2724; x_wconf 83' lang='lat' dir='ltr'><strong>Polybius</strong></span> <span class='ocrx_word' id='word_1_158' title='bbox 472 2639 641 2720; x_wconf 76' lang='lat' dir='ltr'><strong>Liuiusque</strong></span> <span class='ocrx_word' id='word_1_159' title='bbox 662 2639 797 2703; x_wconf 92' lang='lat' dir='ltr'><strong>multum</strong></span> <span class='ocrx_word' id='word_1_160' title='bbox 819 2639 1017 2719; x_wconf 87' lang='lat' dir='ltr'><strong>dissentiunt,</strong></span> <span class='ocrx_word' id='word_1_161' title='bbox 1039 2640 1187 2724; x_wconf 83' lang='lat' dir='ltr'><strong>Polybius</strong></span> <span class='ocrx_word' id='word_1_162' title='bbox 1203 2641 1344 2705; x_wconf 86' lang='lat' dir='ltr'><strong>exactius</strong></span> 
     </span>
     <span class='ocr_line' id='line_1_23' title="bbox 246 2749 1341 2834; baseline -0.005 -16"><span class='ocrx_word' id='word_1_163' title='bbox 246 2751 387 2818; x_wconf 83' lang='lat' dir='ltr'><strong>Silenum</strong></span> <span class='ocrx_word' id='word_1_164' title='bbox 409 2757 534 2817; x_wconf 88' lang='lat' dir='ltr'><strong>secutus</strong></span> <span class='ocrx_word' id='word_1_165' title='bbox 557 2749 596 2814; x_wconf 93' lang='lat' dir='ltr'><strong>de</strong></span> <span class='ocrx_word' id='word_1_166' title='bbox 618 2750 950 2834; x_wconf 86' lang='lat' dir='ltr'><strong>Carthaginiensibus,</strong></span> <span class='ocrx_word' id='word_1_167' title='bbox 979 2758 1016 2817; x_wconf 94' lang='lat' dir='ltr'><strong>ut</strong></span> <span class='ocrx_word' id='word_1_168' title='bbox 1036 2751 1169 2816; x_wconf 84' lang='lat' dir='ltr'><strong>vidimus</strong></span> <span class='ocrx_word' id='word_1_169' title='bbox 1191 2758 1233 2834; x_wconf 81' lang='lat' dir='ltr'><strong>[p.</strong></span> <span class='ocrx_word' id='word_1_170' title='bbox 1261 2751 1341 2814; x_wconf 87' lang='lat'><strong>13-</strong></span> 
     </span>
     <span class='ocr_line' id='line_1_24' title="bbox 249 2842 836 2943; baseline 0 -15"><span class='ocrx_word' id='word_1_171' title='bbox 249 2864 321 2943; x_wconf 85' lang='lat'><strong>14),</strong></span> <span class='ocrx_word' id='word_1_172' title='bbox 343 2865 449 2929; x_wconf 84' lang='lat' dir='ltr'><strong>Livius</strong></span> <span class='ocrx_word' id='word_1_173' title='bbox 472 2863 510 2931; x_wconf 91' lang='lat' dir='ltr'><strong>de</strong></span> <span class='ocrx_word' id='word_1_174' title='bbox 532 2864 682 2928; x_wconf 87' lang='lat' dir='ltr'><strong>Romanis</strong></span> <span class='ocrx_word' id='word_1_175' title='bbox 704 2863 808 2928; x_wconf 87' lang='lat' dir='ltr'><strong>refert.</strong></span> <span class='ocrx_word' id='word_1_176' title='bbox 832 2842 836 2857; x_wconf 55' lang='lat'>¹</span> 
     </span>
    </p>

    <p class='ocr_par' dir='ltr' id='par_1_6' title="bbox 386 2973 1334 3059">
     <span class='ocr_line' id='line_1_25' title="bbox 386 2973 1334 3059; baseline -0.003 -19"><span class='ocrx_word' id='word_1_177' title='bbox 386 2976 453 3040; x_wconf 92' lang='lat' dir='ltr'><strong>Pol.</strong></span> <span class='ocrx_word' id='word_1_178' title='bbox 478 2974 507 3039; x_wconf 90' lang='lat'><strong>3.</strong></span> <span class='ocrx_word' id='word_1_179' title='bbox 530 2973 623 3040; x_wconf 58' lang='grc'><strong>887</strong></span> <span class='ocrx_word' id='word_1_180' title='bbox 1009 2975 1149 3040; x_wconf 71' lang='lat' dir='ltr'><strong>Ituna.</strong></span> <span class='ocrx_word' id='word_1_181' title='bbox 1175 2976 1213 3038; x_wconf 92' lang='grc'><strong>11</strong></span> <span class='ocrx_word' id='word_1_182' title='bbox 1330 3052 1334 3059; x_wconf 26' lang='lat'><strong>¹</strong></span> 
     </span>
    </p>

    <p class='ocr_par' dir='ltr' id='par_1_7' title="bbox 333 3083 1245 3168">
     <span class='ocr_line' id='line_1_26' title="bbox 333 3083 1245 3168; baseline -0.001 -20"><span class='ocrx_word' id='word_1_183' title='bbox 333 3084 467 3165; x_wconf 87' lang='lat' dir='ltr'><strong>Fabium</strong></span> <span class='ocrx_word' id='word_1_184' title='bbox 487 3084 509 3149; x_wconf 82' lang='lat'><strong>4</strong></span> <span class='ocrx_word' id='word_1_185' title='bbox 530 3084 668 3166; x_wconf 87' lang='lat' dir='ltr'><strong>legiones</strong></span> <span class='ocrx_word' id='word_1_186' title='bbox 967 3083 1100 3148; x_wconf 88' lang='lat' dir='ltr'><strong>Fabium</strong></span> <span class='ocrx_word' id='word_1_187' title='bbox 1122 3084 1142 3147; x_wconf 83' lang='lat'>2</span> <span class='ocrx_word' id='word_1_188' title='bbox 1164 3083 1245 3168; x_wconf 87' lang='lat' dir='ltr'><strong>legg.</strong></span> 
     </span>
    </p>

    <p class='ocr_par' dir='ltr' id='par_1_8' title="bbox 241 3189 1401 4065">
     <span class='ocr_line' id='line_1_27' title="bbox 248 3189 1344 3278; baseline -0.003 -18"><span class='ocrx_word' id='word_1_189' title='bbox 248 3192 530 3277; x_wconf 86' lang='lat' dir='ltr'><strong>circumscripsisse</strong></span> <span class='ocrx_word' id='word_1_190' title='bbox 552 3197 680 3271; x_wconf 88' lang='lat' dir='ltr'><strong>narrat,</strong></span> <span class='ocrx_word' id='word_1_191' title='bbox 717 3191 866 3276; x_wconf 83' lang='lat' dir='ltr'><strong>Polybius</strong></span> <span class='ocrx_word' id='word_1_192' title='bbox 888 3191 1097 3256; x_wconf 88' lang='lat' dir='ltr'><strong>Hannibalem</strong></span> <span class='ocrx_word' id='word_1_193' title='bbox 1119 3191 1288 3278; x_wconf 82' lang='grc' dir='ltr'><strong><em>τολμηρῶς</em></strong></span> <span class='ocrx_word' id='word_1_194' title='bbox 1310 3189 1344 3270; x_wconf 80' lang='grc' dir='ltr'><strong>ἐς</strong></span> 
     </span>
     <span class='ocr_line' id='line_1_28' title="bbox 248 3291 1344 3403; baseline -0.002 -34"><span class='ocrx_word' id='word_1_195' title='bbox 248 3302 290 3369; x_wconf 80' lang='grc' dir='ltr'><strong>τὰ</strong></span> <span class='ocrx_word' id='word_1_196' title='bbox 318 3300 396 3403; x_wconf 67' lang='grc' dir='ltr'><em>περὶ</em></span> <span class='ocrx_word' id='word_1_197' title='bbox 418 3299 561 3390; x_wconf 79' lang='grc' dir='ltr'><em>Καπύην</em></span> <span class='ocrx_word' id='word_1_198' title='bbox 587 3291 689 3368; x_wconf 70' lang='lat' dir='ltr'><strong>nediu</strong></span> <span class='ocrx_word' id='word_1_199' title='bbox 715 3304 866 3368; x_wconf 89' lang='lat' dir='ltr'><strong>transisse</strong></span> <span class='ocrx_word' id='word_1_200' title='bbox 888 3304 980 3382; x_wconf 90' lang='lat' dir='ltr'><strong>dicit,</strong></span> <span class='ocrx_word' id='word_1_201' title='bbox 1017 3303 1123 3368; x_wconf 89' lang='lat' dir='ltr'><strong>Livius</strong></span> <span class='ocrx_word' id='word_1_202' title='bbox 1145 3308 1250 3367; x_wconf 93' lang='lat' dir='ltr'><strong>autem</strong></span> <span class='ocrx_word' id='word_1_203' title='bbox 1272 3325 1344 3369; x_wconf 92' lang='lat' dir='ltr'><strong>eum</strong></span> 
     </span>
     <span class='ocr_line' id='line_1_29' title="bbox 241 3411 1345 3501; baseline 0 -21"><span class='ocrx_word' id='word_1_204' title='bbox 241 3437 306 3501; x_wconf 86' lang='lat' dir='ltr'><strong>¹per</strong></span> <span class='ocrx_word' id='word_1_205' title='bbox 333 3421 398 3479; x_wconf 88' lang='lat' dir='ltr'><strong>tres</strong></span> <span class='ocrx_word' id='word_1_206' title='bbox 420 3411 597 3498; x_wconf 83' lang='lat' dir='ltr'><strong>Campanos</strong></span> <span class='ocrx_word' id='word_1_207' title='bbox 624 3413 745 3494; x_wconf 90' lang='lat' dir='ltr'><strong>equites</strong></span> <span class='ocrx_word' id='word_1_208' title='bbox 771 3414 939 3478; x_wconf 87' lang='lat' dir='ltr'><strong>invitatum</strong></span> <span class='ocrx_word' id='word_1_209' title='bbox 968 3413 1210 3494; x_wconf 90' lang='lat' dir='ltr'><strong>ducentiumque</strong></span> <span class='ocrx_word' id='word_1_210' title='bbox 1239 3436 1345 3480; x_wconf 88' lang='lat' dir='ltr'><strong>errore</strong></span> 
     </span>
     <span class='ocr_line' id='line_1_30' title="bbox 250 3522 1344 3609; baseline 0.001 -19"><span class='ocrx_word' id='word_1_211' title='bbox 250 3525 422 3590; x_wconf 78' lang='lat' dir='ltr'><strong>Casilinum</strong></span> <span class='ocrx_word' id='word_1_212' title='bbox 446 3545 504 3609; x_wconf 90' lang='lat' dir='ltr'><strong>pro</strong></span> <span class='ocrx_word' id='word_1_213' title='bbox 523 3522 671 3588; x_wconf 87' lang='lat' dir='ltr'><strong>Casinum</strong></span> <span class='ocrx_word' id='word_1_214' title='bbox 694 3526 880 3608; x_wconf 88' lang='lat' dir='ltr'><strong>pervenisse,</strong></span> <span class='ocrx_word' id='word_1_215' title='bbox 903 3526 958 3603; x_wconf 90' lang='lat' dir='ltr'><strong>ait,</strong></span> <span class='ocrx_word' id='word_1_216' title='bbox 980 3547 1058 3607; x_wconf 90' lang='lat' dir='ltr'><strong>quas</strong></span> <span class='ocrx_word' id='word_1_217' title='bbox 1080 3527 1185 3591; x_wconf 86' lang='lat' dir='ltr'><strong>varias</strong></span> <span class='ocrx_word' id='word_1_218' title='bbox 1206 3526 1290 3590; x_wconf 90' lang='lat' dir='ltr'><strong>inter</strong></span> <span class='ocrx_word' id='word_1_219' title='bbox 1310 3547 1344 3591; x_wconf 89' lang='lat' dir='ltr'><strong>se</strong></span> 
     </span>
     <span class='ocr_line' id='line_1_31' title="bbox 248 3634 1401 3720; baseline -0.001 -19"><span class='ocrx_word' id='word_1_220' title='bbox 248 3642 488 3720; x_wconf 88' lang='lat' dir='ltr'><strong>pugnantesque</strong></span> <span class='ocrx_word' id='word_1_221' title='bbox 517 3635 715 3699; x_wconf 87' lang='lat' dir='ltr'><strong>narrationes</strong></span> <span class='ocrx_word' id='word_1_222' title='bbox 744 3634 952 3700; x_wconf 90' lang='lat' dir='ltr'><strong>Boettcherus</strong></span> <span class='ocrx_word' id='word_1_223' title='bbox 982 3639 1026 3718; x_wconf 91' lang='lat' dir='ltr'><strong>(p.</strong></span> <span class='ocrx_word' id='word_1_224' title='bbox 1049 3636 1192 3720; x_wconf 54' lang='lat'>4204)</span> <span class='ocrx_word' id='word_1_225' title='bbox 1225 3635 1344 3700; x_wconf 88' lang='lat' dir='ltr'><strong>frustra</strong></span> <span class='ocrx_word' id='word_1_226' title='bbox 1397 3656 1401 3660; x_wconf 81' lang='grc'><strong>’</strong></span> 
     </span>
     <span class='ocr_line' id='line_1_32' title="bbox 249 3746 1345 3831; baseline -0.002 -17"><span class='ocrx_word' id='word_1_227' title='bbox 249 3769 320 3814; x_wconf 92' lang='lat' dir='ltr'><strong>meo</strong></span> <span class='ocrx_word' id='word_1_228' title='bbox 343 3747 469 3831; x_wconf 89' lang='lat' dir='ltr'><strong>quidem</strong></span> <span class='ocrx_word' id='word_1_229' title='bbox 491 3746 614 3824; x_wconf 69' lang='lat' dir='ltr'><strong>{iudicio</strong></span> <span class='ocrx_word' id='word_1_230' title='bbox 637 3747 826 3830; x_wconf 89' lang='lat' dir='ltr'><strong>coniungere</strong></span> <span class='ocrx_word' id='word_1_231' title='bbox 848 3754 879 3811; x_wconf 90' lang='lat' dir='ltr'><strong>et</strong></span> <span class='ocrx_word' id='word_1_232' title='bbox 900 3748 934 3810; x_wconf 91' lang='lat' dir='ltr'><strong>in</strong></span> <span class='ocrx_word' id='word_1_233' title='bbox 949 3746 1273 3812; x_wconf 78' lang='lat' dir='ltr'><strong>Caelium—Silenum</strong></span> <span class='ocrx_word' id='word_1_234' title='bbox 1294 3769 1345 3812; x_wconf 91' lang='lat' dir='ltr'><strong>re·</strong></span> 
     </span>
     <span class='ocr_line' id='line_1_33' title="bbox 249 3858 1345 3942; baseline 0 -15"><span class='ocrx_word' id='word_1_235' title='bbox 249 3861 333 3927; x_wconf 88' lang='lat' dir='ltr'><strong>icere</strong></span> <span class='ocrx_word' id='word_1_236' title='bbox 355 3866 498 3925; x_wconf 85' lang='lat' dir='ltr'><strong>conatur.</strong></span> <span class='ocrx_word' id='word_1_237' title='bbox 543 3858 698 3942; x_wconf 75' lang='lat' dir='ltr'><strong>=P01ybius</strong></span> <span class='ocrx_word' id='word_1_238' title='bbox 720 3865 805 3924; x_wconf 85' lang='lat' dir='ltr'><strong>certe</strong></span> <span class='ocrx_word' id='word_1_239' title='bbox 827 3859 983 3937; x_wconf 87' lang='lat' dir='ltr'><strong>Silenum,</strong></span> <span class='ocrx_word' id='word_1_240' title='bbox 1012 3858 1117 3925; x_wconf 84' lang='lat' dir='ltr'><strong>Livius</strong></span> <span class='ocrx_word' id='word_1_241' title='bbox 1139 3861 1258 3926; x_wconf 88' lang='lat' dir='ltr'><strong>Valerii</strong></span> <span class='ocrx_word' id='word_1_242' title='bbox 1280 3863 1345 3927; x_wconf 89' lang='lat' dir='ltr'><strong>An-</strong></span> 
     </span>
     <span class='ocr_line' id='line_1_34' title="bbox 249 3970 914 4065; baseline -0.008 -27"><span class='ocrx_word' id='word_1_243' title='bbox 249 3973 338 4039; x_wconf 86' lang='lat' dir='ltr'><strong>tiatis</strong></span> <span class='ocrx_word' id='word_1_244' title='bbox 359 3971 534 4065; x_wconf 64' lang='lat' dir='ltr'><strong>Fabianam</strong></span> <span class='ocrx_word' id='word_1_245' title='bbox 555 3970 740 4036; x_wconf 90' lang='lat' dir='ltr'><strong>relationem</strong></span> <span class='ocrx_word' id='word_1_246' title='bbox 763 3971 914 4053; x_wconf 87' lang='lat' dir='ltr'><strong>sequitur.</strong></span> 
     </span>
    </p>
   </div>
   <div class='ocr_carea' id='block_1_6' title="bbox 0 0 1440 4612">
    <p class='ocr_par' dir='ltr' id='par_1_9' title="bbox 0 0 1440 4612">
     <span class='ocr_line' id='line_1_35' title="bbox 0 0 1440 4612; baseline 0 0"><span class='ocrx_word' id='word_1_247' title='bbox 0 0 1440 4612; x_wconf 95' lang='lat' dir='ltr'><strong> </strong></span> 
     </span>
    </p>
   </div>
  </div>
 </body>
</html>
