2858 4612
670 230 735 357 ¹51

248 504 275 548 c.
298 482 320 547 4
343 483 378 549 in
398 483 587 552 Hannibalis
607 486 747 552 moribus
774 483 990 552 describendis
1011 482 1120 551 Livius
1142 488 1175 550 ot
1199 483 1260 550 Dio

164 594 200 674 (f.
221 593 273 658 54.
298 596 394 671 1—9)
418 588 627 663 consentiunt.

249 705 317 773 cb
345 706 451 772 Livius
481 709 587 773 statim
615 708 826 775 Hannibalem
850 707 1035 793 Saguntinis
1056 705 1172 773 inferre
1193 705 1261 772 bel·

164 816 231 882 lum
252 820 398 885 statuisse
418 826 531 886 narrat
551 819 606 904 (of.
627 821 703 886 Zon.
726 820 755 887 8.
779 823 819 886 21
842 821 984 907 p.176);
1007 821 1158 904 Polybius
1180 818 1261 884 Sile-

164 948 240 991 num
263 929 438 994 secutus3.
463 930 513 994 11.
539 931 579 994 10
608 930 685 997 dicit
712 927 832 1019 ταύτης
859 937 917 1019 τῆς
944 928 1075 1010 πόλεως
1107 928 1262 1018 ἐπειρᾶτο

164 1037 248 1104 κατὰ
270 1035 406 1122 δύναμιν
428 1033 625 1122 ἀπέχεσθαι.

251 1151 290 1218 In
317 1151 412 1218 rebus
439 1152 482 1219 ab
511 1154 691 1221 Hannibale
718 1155 753 1221 in
778 1154 932 1240 Hispania
958 1155 1054 1239 gestis
1077 1150 1263 1218 enarrandis

166 1263 331 1348 Polybium
363 1270 394 1330 et
422 1265 545 1331 Livium
573 1268 696 1351 egregie
725 1268 919 1346 consentire,
948 1288 1013 1333 non
1033 1274 1141 1333 tamen
1164 1265 1262 1330 alium

165 1374 207 1439 ab
229 1375 292 1439 alio
313 1375 450 1459 pendere
472 1376 527 1441 sed
548 1399 646 1443 unum
664 1378 850 1462 scriptorem
870 1385 1011 1444 secutum
1032 1400 1098 1444 esse
1120 1376 1261 1443 Silenum

166 1485 349 1570 Polybium,
384 1486 507 1552 Livium
530 1487 669 1553 Gaehum
689 1489 754 1553 iam
776 1488 983 1555 Boettcherus
1005 1489 1143 1555 ostendit
1171 1487 1207 1568 (l.
1232 1508 1259 1553 c.

165 1619 196 1682 p.
219 1596 283 1661 365
304 1595 364 1675 ff).

247 1706 372 1789 Ubique
392 1708 426 1772 in
447 1707 509 1773 hac
529 1714 620 1793 parte
643 1711 683 1789 (c.
710 1708 805 1786 1-6)
829 1709 950 1774 Livium
973 1710 1096 1793 egregie
1124 1729 1196 1774 curn
1225 1707 1262 1772 Ο.

163 1818 264 1883 Dione
293 1818 470 1887 consentire
497 1817 638 1884 videmus
645 1844 654 1897 3
691 1824 826 1903 uterque
857 1825 894 1884 ut
927 1819 1070 1884 existimo
1104 1840 1122 1884 e
1157 1818 1262 1883 Caelio

163 1931 280 1997 hausit.

693 2122 734 2188 ll.

250 2259 320 2324 ab
351 2258 454 2342 prima
485 2259 701 2325 Romanorum
734 2259 850 2342 legatio
882 2259 916 2323 in
944 2258 1130 2342 Hispaniam
1165 2259 1262 2324 missa

165 2376 324 2435 narratur.
383 2372 489 2436 Livius
527 2372 647 2454 legatos
681 2372 927 2454 Saguntinorum
960 2371 1111 2435 auxilium
1150 2377 1262 2435 contra

166 2479 362 2545 Turdetanos
396 2486 522 2544 orantes
553 2501 582 2544 a.
611 2480 673 2544 218
707 2481 740 2544 Ρ.
772 2480 916 2546 Cornelio
950 2480 1096 2564 Scipione
1128 2486 1160 2546 et
1192 2480 1260 2545 Tib.

165 2591 350 2676 Sempronio
373 2592 482 2675 Longo
503 2592 637 2656 Romam
659 2591 771 2655 missos
793 2612 860 2656 esse
881 2590 995 2668 tradit,
1017 2612 1084 2656 rem
1105 2591 1148 2656 ad
1170 2611 1262 2656 sena-

165 2708 234 2767 tum
254 2704 399 2782 relatam,
422 2703 637 2787 placitumque
652 2703 734 2766 mitti
756 2701 876 2786 legatos
898 2700 1012 2766 adres
1034 2702 1191 2767 sociorum
1212 2703 1261 2766 in-

165 2816 357 2899 spiciendas3
394 2823 461 2880 tum
490 2838 562 2880 curn
594 2816 769 2897 Saguntum
800 2814 976 2897 oppugnari
1006 2812 1148 2879 adlatum
1171 2819 1262 2893 esset,
1385 2825 1388 2831 '

166 2926 200 2989 P.
222 2926 383 2990 Valerium
405 2926 554 2990 Flaccum
578 2926 668 3002 etQ.
691 2922 842 2988 Baebium
865 2922 1064 3006 Tamphilum
1087 2923 1262 3006 Saguntum

165 3042 197 3101 et
217 3036 291 3102 inde
313 3036 535 3121 Carthaginem
558 3037 670 3102 missos
691 3056 765 3101 esse.
815 3034 916 3101 Huius
946 3035 1066 3119 primae
1095 3034 1261 3118 legationis

164 3148 232 3214 Pol.
255 3149 285 3212 3.
310 3150 359 3214 15.
383 3151 420 3230 2,
448 3151 524 3215 Zon.
548 3148 576 3212 8.
601 3149 641 3213 21
666 3147 777 3234 (177),
804 3147 885 3231 App.
908 3147 990 3213 lber.
1015 3148 1063 3210 11.
1087 3147 1173 3227 (54),
1196 3146 1260 3214 (lic.

164 3262 245 3327 Phil.
269 3263 299 3328 5.
325 3263 365 3328 27
388 3263 579 3328 mentionem
601 3261 760 3340 lecerunt,
790 3260 846 3325 sed
868 3260 1019 3327 mandata
1042 3260 1166 3326 vanata
1187 3283 1262 3326 nar-

164 3381 255 3441 rant:

620 3502 681 3556 Liv.
700 3503 743 3554 21.
761 3503 787 3555 6.

165 3599 192 3666 si
213 3621 278 3693 non
298 3599 503 3666 absisteretur
523 3600 624 3678 bello,
663 3599 707 3663 ad
731 3599 838 3661 dacem
859 3595 961 3679 iprum
983 3594 1017 3660 ia
1035 3617 1170 3679 poenum
1185 3599 1260 3681 foe·

165 3713 249 3778 derb
269 3711 356 3796 rupti
376 3712 612 3795 deposcendum.

585 3839 641 3893 cic.
660 3838 732 3891 Phil.
751 3839 776 3891 ὅ.
795 3839 839 3892 27.

163 3936 332 4002 nonenim
354 3937 397 4002 ad
418 3934 629 4000 Hannibalem
652 3933 821 4011 mittimus,
858 3936 895 3997 ut
915 3952 936 3996 a
959 3929 1100 4013 Sagunto
1122 3933 1259 4013 recedat,

163 4050 206 4114 ad
234 4069 327 4132 quem
354 4049 483 4115 miserat
510 4048 585 4113 olim
607 4051 735 4112 senatus
757 4045 791 4110 P.
814 4042 973 4110 Valerium
996 4042 1145 4111 Flaccum
1168 4046 1259 4123 etQ.

1000 4164 1034 4219 4*
