2858 4612
590 301 747 375 -16

174 500 210 569 iu
238 497 360 567 insidiis
391 498 581 564 collocatum
613 521 681 566 esse
714 494 805 582 ,ἅμα
832 503 880 585 τῷ
909 494 1270 586 ὄειπνοιεοιήσασθαιῑί,

176 611 365 678 Hannibalis
387 612 502 690 aciem,
531 612 771 695 elephantorum
793 613 980 678 amissorum
1001 632 1181 689 numerum,
1216 612 1272 693 qui

176 723 313 792 brumali
333 728 474 806 tempore
496 744 603 790 omnes
625 726 787 808 perierunt
807 729 933 809 praeter
954 745 1067 802 uuum,
1096 744 1188 788 nemo
1209 724 1272 790 nisi

177 831 445 915 Carthaginiensis
467 832 603 914 scriptor
624 837 691 898 tam
712 839 861 899 accurate
881 834 1008 898 tradere
1028 834 1141 916 potuit.

262 964 289 1009 c.
313 941 353 1004 76
375 940 431 1006 (lm
454 938 664 1025 Scipionis'in
685 943 837 1026 Hispania
859 965 887 1008 a.
909 943 1044 1008 alares
1068 949 1174 1026 gestae
1197 965 1272 1010 nar-

176 1061 289 1121 rantur
311 1054 498 1134 (fortassee
520 1054 619 1120 Fabio
640 1061 697 1120 aut
719 1055 865 1138 Scipione
886 1056 1034 1137 quopiam
1056 1062 1195 1136 auctore,
1217 1078 1272 1122 cu-

177 1165 227 1234 ius
247 1165 452 1231 relationibus
474 1164 623 1257 Bolybius
645 1164 878 1231 obamioitiam
900 1165 1081 1249 Scipionum
1102 1188 1178 1232 usus
1200 1173 1271 1249 ast).

261 1298 289 1343 c.
314 1276 353 1340 77
383 1276 517 1343 hiberna
544 1276 734 1345 Hannibalis
761 1280 796 1343 in
818 1277 940 1357 Gallia,
962 1278 1033 1352 :iter
1060 1299 1117 1361 per
1139 1279 1272 1362 paludes
1314 1270 1322 1315 ²

177 1389 212 1454 in
226 1389 386 1467 Etruriam
407 1388 526 1453 factum
547 1389 582 1453 in
604 1409 667 1472 quo
688 1389 850 1455 Hannibal
864 1389 1033 1472 elephanto
1047 1396 1155 1456 vectus
1171 1388 1272 1456 altero

179 1500 272 1567 oculo
294 1506 405 1585 captus
427 1505 492 1579 est,
515 1497 663 1582 'denique
689 1507 792 1567 totam
817 1523 957 1585 pugnam
978 1502 1021 1576 ad
1042 1503 1146 1568 lacum
1167 1503 1273 1569 Trasi-

99 1665 102 1668 -
179 1636 305 1680 menum
327 1613 524 1679 commissam
546 1633 616 1679 meo
637 1613 765 1696 quidem
784 1614 900 1680 iudicio
922 1614 1175 1698 Carthaginiensi
1196 1617 1273 1682 scri-

45 4254 131 4366 ἱ

179 1731 271 1809 ptore
291 1744 366 1791 usus
386 1727 506 1791 narrat.
797 1776 801 1784 ,

266 1834 408 1901 Eandem
422 1834 576 1918 originem
589 1833 733 1900 iudicant
746 1834 843 1900 verba
856 1834 980 1918 Polybii
992 1857 1019 1900 c.
1033 1833 1085 1901 83.
1099 1835 1120 1899 3
1135 1833 1169 1900 ἐν
1184 1833 1285 1923 bagad*

180 1941 294 2032 βουνοὶ
321 1940 405 2009 κατὰ
433 1941 492 2009 τὸν
518 1936 648 2008 αὐλῶνα
674 1939 832 2026 κείμενοι,
869 1944 924 2009 ubi
944 1945 1093 2010 Baleares
1114 1967 1153 2012 ac
1174 1947 1274 2013 levem

180 2062 378 2124 armaturam
398 2053 560 2121 Hannibal
581 2045 682 2134 locat,
719 2060 752 2119 et
777 2059 846 2121 tum
872 2046 1032 2136 εὐώνυμοι
1052 2051 1181 2138 βουνοί,
1220 2058 1276 2123 ubi

180 2170 304 2253 equites
325 2173 359 2236 el
379 2166 489 2233 Gallos
510 2165 612 2244 locat,
645 2166 692 2231 ita
712 2172 749 2231 ut
770 2186 878 2230 eorum
900 2167 1032 2230 extremi
1052 2166 1095 2231 ad
1115 2167 1220 2232 lacum
1241 2169 1275 2232 in

181 2281 314 2347 introitu
342 2279 377 2343 in
404 2276 518 2343 vallem
546 2258 643 2359 positi
669 2280 783 2342 essent.
833 2275 884 2340 Ita
914 2275 976 2340 nisi
1007 2274 1276 2360 Carthaginiensis

188 2393 334 2478 scriptor,
355 2390 411 2473 qui
430 2389 551 2455 medius
572 2389 661 2453 iuxta
681 2387 894 2453 Hannibalem
916 2386 1027 2452 ducem
1047 2388 1082 2452 in
1103 2395 1210 2454 monte
1224 2391 1280 2471 qui

183 2506 361 2574 musellam
382 2503 513 2581 clausit,
536 2507 605 2567 erat
627 2500 803 2566 describere
824 2520 889 2565 non
912 2501 1023 2583 potuit.
1068 2501 1279 2578 Quamobrem

184 2618 346 2695 Nissenio,
382 2615 437 2697 qui
464 2618 566 2679 totam
579 2614 679 2678 'illius
708 2633 833 2696 pugnae
860 2612 1066 2696 Polybianam
1094 2613 1279 2678 relationem

183 2728 284 2795 Fabio
304 2728 448 2792 Romano
470 2724 617 2807 scriptori
638 2723 799 2802 attribuit,
834 2743 899 2788 non
921 2723 1094 2803 adsenties,
1126 2724 1280 2808 imprimis

185 2840 213 2905 si
232 2837 360 2905 caedem
380 2836 539 2917 utrimque
560 2835 695 2914 factam,
718 2854 800 2916 quae
821 2832 940 2917 duplex
960 2853 981 2898 a
1003 2833 1125 2899 duobus
1148 2836 1281 2918 scripto-

183 2953 272 3018 ribus
292 2949 412 3015 tradita
434 2953 491 3028 est,
513 2948 746 3032 comparaveris
783 2960 786 2973 ¹
921 2961 925 2964 ’

290 3080 385 3135 Livius
404 3081 448 3131 22.
467 3079 484 3130 7
940 3075 1036 3143 Polyb.
1055 3077 1080 3128 3.
1098 3077 1204 3131 84-85

187 3175 343 3257 „Fabam
364 3173 524 3259 aequalem
546 3170 660 3237 horum
940 3191 957 3235 e
978 3169 1083 3235 Sileno

187 3291 365 3371 temporum
386 3288 532 3350 secutus“

319 3397 424 3463 15000
444 3397 534 3463 Rom.
556 3405 575 3472 †
675 3409 681 3414 ’
939 3391 1044 3456 15000
1064 3391 1155 3457 Rom.
1177 3402 1196 3468 †

339 3510 425 3576 2500
447 3509 557 3576 Carth,
580 3517 607 3586 †p
941 3503 1046 3566 15000
1074 3532 1108 3582 ¹„
1164 3501 1260 3584 capti.

961 3612 1044 3677 1500
1066 3611 1174 3677 Carth.
1196 3622 1216 3688 †

819 3746 847 3791 c.
870 3725 912 3789 30
939 3720 1199 3810 ἐπιφανέστατοι
1219 3725 1285 3788 τῶν

819 3836 1041 3924 Καρχη(1ον.ῑι
1225 3920 1228 3925 Γ

277 3957 364 4036 Quae
394 3953 499 4020 variae
533 3951 703 4018 relationes
738 3952 779 4018 ad
808 3972 908 4017 unum
938 3948 1134 4029 eundemque
1165 3945 1288 4012 fontem

192 4067 304 4135 referri
324 4087 389 4132 non
410 4068 552 4149 possunt
596 4063 744 4130 Fortasse
765 4064 859 4129 etiam
881 4062 1037 4128 exercitus
1059 4056 1194 4122 Romani
1214 4077 1288 4123 cum
