2858 4612
632 262 678 333 45

194 461 355 526 Valerium
381 461 539 525 Antiatem
569 461 680 544 igitur,
714 482 806 543 quem
837 484 906 528 meo
936 464 1061 545 quidem
1082 465 1198 532 iudicio

108 572 214 637 Livius
235 573 269 636 in
290 574 392 655 prima
414 572 530 636 decade
554 571 719 637 scribenda
741 574 875 638 maxime
898 575 1053 656 sequitur,
1087 578 1120 640 in
1141 597 1199 659 po-

108 685 199 749 steris
221 704 346 765 quoque
368 682 456 747 libris
478 703 542 747 non
564 683 717 766 neglexit3
755 684 854 748 multo
876 686 976 767 magiS
999 686 1065 751 eius
1087 709 1198 754 narra-

106 797 224 861 tionem
249 795 440 874 emendavit,
465 800 501 859 ut
521 795 615 859 facile
636 815 674 859 ex
696 816 731 859 eo
754 772 895 879 intellegi
916 790 1037 880 potest,
1058 798 1143 879 quod
1163 799 1198 877 in

106 907 196 972 libris
218 906 418 971 XXI-XLV
439 907 533 971 vicies
555 907 721 988 quinquies
742 909 884 973 nominat
924 959 931 972 .

194 1019 232 1082 In
253 1017 335 1082 libro
356 1018 396 1081 21
421 1024 453 1083 et
473 1019 515 1082 22
538 1018 626 1083 nullo
649 1019 719 1083 loco
740 1022 936 1099 nominatur,
973 1021 1038 1085 eius
1067 1022 1198 1106 vestigia

105 1135 213 1196 tamen
234 1132 379 1214 indagari
400 1136 547 1215 possunt3
584 1131 788 1213 quamobrem
809 1131 842 1197 Ο.
866 1132 1044 1197 Boettcheri
1073 1138 1197 1198 senten-

104 1244 170 1308 tiae
197 1244 319 1308 Livium
349 1266 418 1309 eum
448 1244 498 1308 his
527 1245 560 1308 in
589 1245 678 1310 libris
699 1266 828 1328 prorsus
850 1246 1022 1328 neglexisse
1045 1252 1076 1310 et
1096 1247 1196 1311 solum
1303 1266 1308 1273 ·

21 1366 25 1373 '
106 1356 259 1439 optimum
287 1355 427 1420 Caelium
456 1356 528 1419 Ant.
557 1355 669 1420 horum
699 1360 873 1438 temporum
901 1357 1084 1440 scriptorem
1107 1357 1198 1422 adhi-

107 1468 210 1533 buisse
231 1467 387 1532 adsentire
409 1488 473 1531 non
494 1488 631 1550 possum.

192 1689 388 1755 Sententiam
409 1690 530 1755 Livium
552 1691 586 1753 in
608 1690 628 1753 I.
644 1688 717 1753 XXI
739 1694 770 1753 et
792 1688 881 1751 XXII
903 1689 1115 1754 describendis
1138 1689 1197 1752 Po-

105 1799 225 1884 beium
247 1800 280 1863 in
302 1822 393 1865 usum
414 1821 557 1878 vocasse,
585 1820 678 1881 quam
702 1797 725 1862 O
757 1799 849 1864 Peter
871 1807 903 1864 et
925 1799 1083 1865 Woelfflin
1105 1800 1196 1885 (Cae-

104 1914 167 1978 lius
189 1914 356 1996 Antipater
379 1913 574 1976 Winterthur
591 1911 686 1992 1872)
709 1911 917 1994 protulerunt,
939 1911 972 1977 Ο.
989 1913 1196 1979 Boettcherus

106 2027 232 2109 egregia
257 2026 314 2090 illa
343 2028 376 2090 in
405 2025 485 2088 Livii
512 2024 615 2088 fontes
640 2023 842 2104 inquisitione
869 2023 1001 2102 refellit,
1037 2031 1069 2089 et
1090 2025 1194 2090 Herm.

106 2138 199 2203 Peter
228 2137 348 2203 frustra
376 2137 476 2219 patris
505 2135 690 2202 sententiam
712 2132 887 2199 sustinebat
913 2134 966 2215 (H.
990 2136 1082 2200 Peter
1103 2136 1194 2219 proll.

105 2249 148 2315 ad
170 2249 259 2314 Rom.
283 2249 356 2312 hist.
380 2247 448 2311 rell.
471 2269 501 2329 p.
524 2244 673 2324 226-7).

189 2360 380 2426 Consensum
414 2360 496 2422 inter
526 2357 647 2420 Livium
681 2355 906 2440 Polybiumque
938 2357 974 2421 Β.
1007 2358 1128 2440 egregie
1161 2357 1195 2420 in

104 2494 301 2538 communem
331 2471 372 2536 ab
400 2476 534 2550 utroque
562 2468 596 2530 in
626 2488 715 2530 usum
744 2471 890 2532 vocatum
911 2467 1095 2549 scriptorem
1117 2466 1195 2532 Sile·

104 2608 180 2655 num
201 2586 338 2668 redegit,
371 2604 463 2665 quem
484 2578 631 2664 Polybius
653 2584 689 2643 ut
710 2578 842 2643 vidimus
864 2580 1029 2662 exscripsit
1049 2586 1081 2645 et
1102 2600 1195 2662 quem

101 2700 209 2765 Livius
231 2701 264 2764 in
287 2697 436 2763 Caeliana
457 2693 599 2758 versione
622 2697 745 2756 secutus
768 2698 824 2756 est.
870 2692 1079 2768 Quamobrem
1102 2694 1135 2758 in
1156 2693 1196 2758 il-

102 2812 150 2876 las
172 2810 371 2893 quaestiones
394 2804 574 2870 Boettcheri
596 2801 811 2866 demonstrare
833 2822 996 2884 possumus
1026 2809 1059 2868 et
1086 2809 1195 2870 nostra

102 2924 264 3006 Inquisitio
285 2921 318 2986 id
340 2917 504 3002 spectabit,
526 2924 560 2978 at
584 2914 682 2977 coelia·
711 2917 742 2976 V
739 2913 890 2998 oleriiqae
913 2916 1053 2979 Antiatis
1075 2926 1104 2980 et
1125 2918 1195 2993 for·

106 3045 186 3099 tasse
207 3056 324 3119 qaoque
338 3030 435 3096 Fabii
457 3027 588 3092 Pictoris
610 3026 736 3110 oestipio
759 3027 941 3109 inducemus
963 3033 995 3093 et
1016 3049 1106 3092 suum
1128 3028 1194 3094 oui-

105 3166 167 3228 que
186 3146 371 3210 tribuamus.

189 3253 227 3316 ln
255 3248 373 3316 LXXI
401 3247 506 3312 Livius
536 3245 637 3309 decios
668 3245 770 3310 fontes
800 3267 872 3312 suos
894 3247 972 3311 citat
1001 3249 1031 3327 1)
1054 3269 1081 3312 c.
1108 3250 1123 3310 1
1146 3248 1195 3315 fa-

106 3380 207 3437 mam,
242 3360 277 3443 2)
298 3379 324 3422 c.
350 3359 389 3422 15
411 3355 539 3438 quidam
561 3354 729 3436 scripsere,
757 3356 931 3438 Saguntum
953 3378 1009 3438 per
1030 3356 1050 3418 8
1073 3379 1193 3422 menses

108 3472 323 3552 oppugnatum
350 3488 432 3545 esse,
466 3467 520 3530 ubi
542 3464 682 3530 Caelium
704 3471 735 3531 et
756 3487 818 3530 non
842 3466 1004 3551 Polybium
1031 3467 1117 3532 citat.
1160 3470 1193 3549 3)

105 3601 133 3644 c.
156 3578 198 3642 25
229 3577 268 3641 de
295 3576 527 3642 triumvirorum
558 3599 585 3641 a.
610 3599 638 3642 a.
661 3598 689 3643 a.
719 3578 897 3643 nominibus
918 3579 951 3642 in
973 3579 1058 3644 bello
1079 3600 1107 3644 a.
1130 3579 1193 3644 218
1223 3620 1224 3625 1

104 3696 218 3757 contra
239 3689 333 3753 Boios
355 3694 443 3771 gesto
466 3696 629 3770 captorum
651 3689 672 3750 4
693 3689 877 3754 traditiones
899 3695 1055 3755 recenset:

190 3804 224 3887 a)
246 3801 394 3883 quidam:
418 3799 450 3864 Ο.
474 3801 628 3880 Lutatius,
650 3799 684 3864 Ο.
709 3801 866 3879 Servilius,
888 3800 930 3865 M.
953 3802 1075 3866 Annius

190 3914 227 3999 b)
249 3914 394 3997 quidam:
522 3962 541 3992 ,‚
648 3914 700 3976 M.
718 3912 852 3988 Acilius,
878 3912 910 3978 Ο.
935 3915 1108 3980 Herennius
1130 3915 1195 3981 for·

93 4034 189 4094 'tasse
210 4049 227 4092 e
248 4025 382 4091 Claudio
405 4026 520 4103 Quadr.
544 4027 599 4109 qui
620 4027 712 4092 Acilii
734 4026 864 4093 annales
886 4027 998 4093 Latine
1018 4029 1120 4093 vertit.
