2858 4612
665 269 713 340 10

140 473 232 538 nonis
253 472 423 539 factionem
445 473 630 538 invenimus:
665 473 881 538 Romanorum
902 471 1091 556 optimatum
1113 478 1145 538 et
1167 495 1242 558 pro-

30 580 33 591 '
118 591 248 670 pterea
270 564 377 651 eorum
400 586 543 651 historici
563 584 654 650 Fabii
677 585 810 650 Pictoris
826 585 973 650 'multum
1000 585 1168 665 intererat,
1204 591 1241 652 ut

141 697 235 783 culpa
261 698 337 764 belli
363 718 493 781 prorsus
516 719 548 763 se
569 698 742 763 liberarent
764 702 796 762 et
817 703 960 761 senatum
984 698 1161 763 Romanum
1182 720 1241 782 pa-

141 810 187 875 cis
209 808 383 875 studiosum
404 808 500 874 fuisse
523 808 739 884 ostenderent3
766 809 972 890 quamobrem
994 809 1111 875 Fabius
1133 811 1239 877 Pictor

141 921 330 986 avunculum
352 921 388 1000 Q.
412 918 544 984 Fabium
566 918 650 983 Max.
709 917 932 984 Cunctatorem
953 917 995 984 ad
1018 939 1071 984 ecs
1092 919 1147 1002 qui
1168 921 1240 1004 paci

141 1030 342 1097 sustinendae
364 1029 551 1107 studebant,
575 1029 764 1112 pertinuisse
786 1029 920 1111 scripsit.
966 1028 1086 1108 Quodsi
1108 1030 1237 1095 coniun-

140 1141 241 1224 gimus
269 1141 358 1205 illam
387 1139 560 1204 Fabianam
590 1139 676 1222 apud
704 1138 737 1203 C.
760 1139 894 1205 Dionem
913 1140 1131 1225 Zonaramqne
1157 1142 1240 1207 rela-

140 1251 259 1316 tionem
281 1257 313 1316 et
335 1250 457 1334 Polybii
478 1250 591 1328 verba,
622 1264 703 1332 quae
725 1252 956 1334 supracitavi,
992 1274 1063 1319 eum
1085 1253 1151 1319 illis
1169 1275 1240 1320 ser·

140 1363 190 1429 bis
210 1384 275 1429 non
295 1364 334 1427 in·
351 1346 496 1448 Sosylum
518 1369 549 1428 ct
571 1362 741 1428 Chaeream
764 1361 820 1428 sed
842 1365 876 1428 in
897 1363 1039 1443 Fabium,
1062 1385 1155 1446 quem
1174 1365 1236 1430 iam

142 1475 171 1540 3.
194 1475 278 1558 8-9
299 1473 569 1540 vehementissime
590 1473 780 1556 increpavit,
807 1475 914 1539 invehi
934 1475 1083 1540 videmus.

227 1586 256 1650 7.
300 1586 373 1650 Pon.
398 1586 427 1649 3.
450 1586 491 1650 26
504 1585 614 1669 *primi
634 1585 746 1650 Punici
767 1585 844 1650 belli
872 1587 1055 1669 scriptorem
1078 1586 1237 1650 Philinum

141 1697 232 1776 citat,
263 1697 317 1779 qui
339 1695 449 1761 foedus
470 1696 567 1760 fuisse
589 1717 628 1760 ex
650 1715 713 1777 quo
736 1693 1008 1777 Carthaginienses
1030 1692 1137 1773 Italia,
1160 1693 1238 1759 Sici·

139 1807 184 1872 lia
199 1808 331 1871 Romani
347 1807 506 1872 abstinere
528 1807 687 1886 deberent,
709 1805 833 1885 dixerit,
856 1828 950 1889 quem
972 1807 1047 1890 quia
1068 1806 1149 1872 illud
1170 1806 1237 1872 foe-
1344 1880 1348 1887 ¹

141 1917 200 1982 dus
221 1939 285 1982 non
307 1919 341 1981 in
367 1918 485 2002 templo
513 1918 600 1983 Jovis
629 1917 799 2002 Capitolini
827 1919 875 2002 (P.
897 1917 928 1982 3.
950 1918 1002 1983 26.
1029 1919 1061 2002 1)
1083 1917 1237 1983 invenerit

140 2028 278 2094 refutare
302 2027 415 2094 studet.
1216 2011 1219 2015 ’

227 2140 288 2207 Sed
310 2139 472 2205 Nissenius
495 2139 558 2220 (die
578 2138 878 2222 rdmisch-lrarthag.
890 2139 1079 2219 Biinduisse;
1100 2138 1233 2205 Jahrbb.

140 2250 161 2316 f.
185 2251 277 2316 class.
302 2251 414 2315 Philol.
441 2250 533 2328 1867,
555 2272 586 2333 p.
610 2249 671 2314 321
694 2247 743 2334 ff.)
775 2249 838 2314 iam
867 2248 986 2313 Philini
1018 2250 1234 2314 narrationem

141 2382 217 2445 erga
237 2361 360 2445 Polybii
380 2360 474 2426 fidem
496 2367 593 2443 atque
614 2361 844 2438 auctoritatem,
866 2380 930 2442 qua
952 2359 1037 2443 apud
1052 2380 1161 2425 omnes
1174 2359 1237 2424 uti-

142 2474 213 2549 tur,
245 2469 386 2536 defendit
405 2490 444 2536 ac
465 2469 562 2534 fuisse
582 2468 663 2533 illud
683 2469 794 2534 foedus
815 2470 899 2535 inter
921 2471 1081 2536 Romanos
1103 2470 1237 2536 Cartha-

140 2583 358 2666 giniensesque
379 2583 477 2646 ictum
501 2603 527 2644 a.
551 2580 613 2644 306
635 2580 871 2646 demonstravit.

224 2695 327 2775 Locis,
349 2715 428 2776 quos
449 2692 612 2758 Nissenius
633 2694 785 2774 laudavit,
806 2694 977 2778 adiungere
997 2713 1177 2780 possumus:

225 2811 260 2893 a)
283 2808 367 2872 Seru.
391 2806 434 2872 ad
454 2807 546 2891 Verg.
565 2808 641 2873 Aen.
659 2810 687 2872 1.
706 2807 766 2873 108
789 2828 819 2891 p.
835 2807 877 2871 28
901 2807 949 2873 ed.
966 2808 1002 2872 A.
1017 2807 1108 2888 Lien,
1124 2808 1234 2874 Claud.

142 2919 260 2997 Quadr.
283 2919 321 2984 fr.
342 2919 384 2983 31
408 2919 530 3005 (Peter)
1147 2980 1160 3004 Ι

142 3029 242 3110 „haec
263 3035 369 3096 autem
391 3035 466 3096 sunt
486 3049 565 3096 saxa
585 3030 669 3096 inter
689 3028 849 3109 Africam,
877 3029 1035 3110 Siciliam,
1057 3030 1236 3098 Sardiniam

141 3148 174 3209 et
194 3143 340 3222 Italiam,
375 3163 457 3224 quae
478 3162 556 3207 saxa
578 3140 618 3207 ob
639 3141 700 3206 hoc
722 3141 797 3207 Itali
818 3161 892 3206 aras
913 3147 1045 3221 vocant,
1081 3144 1165 3225 quod
1192 3144 1236 3209 ibi

141 3254 211 3322 Afri
239 3261 271 3321 et
298 3255 433 3319 Romani
463 3253 572 3338 foedus
601 3255 740 3318 inierunt
768 3259 800 3320 et
830 3253 909 3320 fines
938 3255 1061 3338 imperii
1081 3256 1148 3321 illic
1169 3278 1236 3323 esse

140 3368 317 3433 voluerunt.
363 3386 444 3449 qnae
473 3385 548 3430 arae
574 3363 748 3430 aSisenna
777 3364 932 3448 propitiae
960 3369 1122 3430 vocantur.
1167 3369 1237 3450 qui-

142 3478 216 3544 dam
237 3478 374 3544 insulam
396 3477 492 3542 fuisse
512 3477 596 3541 hunc
617 3475 721 3540 locum
742 3476 891 3556 tradunt,
927 3498 1008 3561 quae
1034 3478 1140 3546 subito
1166 3501 1237 3566 pes-

141 3609 211 3655 sum
232 3590 324 3665 ierit‚
357 3588 391 3653 in
413 3587 502 3652 cuius
523 3585 673 3667 reliquias
695 3605 773 3650 saxa
794 3586 873 3652 haec
894 3593 1036 3670 exstare,
1064 3589 1099 3655 in
1121 3591 1235 3673 quibus

9 3788 11 3793 Δ
141 3701 232 3768 aiunt
253 3701 431 3766 Poenorum
459 3698 638 3765 sacerdotes
667 3718 733 3763 rem
761 3698 899 3765 divinam
927 3701 1031 3768 iacere
1052 3701 1171 3767 solitos.
1194 3741 1236 3760 ψ-

142 3814 202 3880 has
223 3794 300 3879 aras
318 3812 374 3878 alii
394 3809 569 3894 Neptunias
590 3812 723 3887 vocant,
761 3809 843 3876 sicut
864 3809 1014 3875 Claudius
1038 3811 1187 3897 Quadrig.
1211 3813 1236 3879 1.

96 3950 99 3959 ·
141 3923 324 4001 annalium,
352 3920 438 4006 apud
459 3940 549 4000 aras,
571 3939 653 4002 quae
673 3920 871 3986 vocabantur
891 3921 1100 4007 Neptuniae.“

228 4035 297 4112 Quo
316 4033 388 4098 loco
409 4032 545 4099 foederis
567 4026 767 4098 condiciones
793 4035 891 4116 paulo
919 4034 1099 4101 accuratius
1121 4053 1237 4119 cogno
