<?xml version="1.0" encoding="UTF-8"?>
<!DOCTYPE html PUBLIC "-//W3C//DTD XHTML 1.0 Transitional//EN"
    "http://www.w3.org/TR/xhtml1/DTD/xhtml1-transitional.dtd">
<html xmlns="http://www.w3.org/1999/xhtml" xml:lang="en" lang="en">
 <head>
  <title>
</title>
<meta http-equiv="Content-Type" content="text/html;charset=utf-8" />
  <meta name='ocr-system' content='tesseract 3.04.00' />
  <meta name='ocr-capabilities' content='ocr_page ocr_carea ocr_par ocr_line ocrx_word'/>
</head>
<body>
  <div class='ocr_page' id='page_1' title='image "./quaeriturundebe00vollgoog_0039.png"; bbox 0 0 2858 4612; ppageno 0'>
   <div class='ocr_carea' id='block_1_1' title="bbox 689 275 790 346">
    <p class='ocr_par' dir='ltr' id='par_1_1' title="bbox 689 275 790 346">
     <span class='ocr_line' id='line_1_1' title="bbox 689 275 790 346; baseline 0 0"><span class='ocrx_word' id='word_1_1' title='bbox 689 275 790 346; x_wconf 85' lang='lat'>-34</span> 
     </span>
    </p>
   </div>
   <div class='ocr_carea' id='block_1_2' title="bbox 218 470 1314 2345">
    <p class='ocr_par' dir='ltr' id='par_1_2' title="bbox 221 470 1312 779">
     <span class='ocr_line' id='line_1_2' title="bbox 305 470 1310 556; baseline -0.004 -18"><span class='ocrx_word' id='word_1_2' title='bbox 305 474 340 555; x_wconf 85' lang='grc'>4)</span> <span class='ocrx_word' id='word_1_3' title='bbox 362 475 436 539; x_wconf 90' lang='grc' dir='ltr'>Ζοιι.</span> <span class='ocrx_word' id='word_1_4' title='bbox 460 474 488 536; x_wconf 87' lang='grc'>8.</span> <span class='ocrx_word' id='word_1_5' title='bbox 514 473 555 537; x_wconf 85' lang='grc'>23</span> <span class='ocrx_word' id='word_1_6' title='bbox 586 473 688 556; x_wconf 85' lang='lat' dir='ltr'>Scipio</span> <span class='ocrx_word' id='word_1_7' title='bbox 719 473 815 538; x_wconf 83' lang='lat' dir='ltr'><strong>Afric.</strong></span> <span class='ocrx_word' id='word_1_8' title='bbox 845 472 879 536; x_wconf 91' lang='lat' dir='ltr'>in</span> <span class='ocrx_word' id='word_1_9' title='bbox 901 471 1019 555; x_wconf 89' lang='lat' dir='ltr'>proelio</span> <span class='ocrx_word' id='word_1_10' title='bbox 1037 470 1082 552; x_wconf 47' lang='lat' dir='ltr'>‚ad</span> <span class='ocrx_word' id='word_1_11' title='bbox 1104 470 1246 535; x_wconf 84' lang='lat' dir='ltr'>Ticinum</span> <span class='ocrx_word' id='word_1_12' title='bbox 1273 471 1310 533; x_wconf 80' lang='lat'>17</span> 
     </span>
     <span class='ocr_line' id='line_1_3' title="bbox 221 581 1312 665; baseline -0.003 -14"><span class='ocrx_word' id='word_1_13' title='bbox 221 607 322 651; x_wconf 83' lang='lat' dir='ltr'>annos</span> <span class='ocrx_word' id='word_1_14' title='bbox 343 593 436 652; x_wconf 87' lang='lat' dir='ltr'>natus</span> <span class='ocrx_word' id='word_1_15' title='bbox 457 586 553 651; x_wconf 84' lang='lat' dir='ltr'>fuisse</span> <span class='ocrx_word' id='word_1_16' title='bbox 583 586 697 651; x_wconf 86' lang='lat' dir='ltr'>dicitur</span> <span class='ocrx_word' id='word_1_17' title='bbox 727 585 781 665; x_wconf 85' lang='lat' dir='ltr'>(cf.</span> <span class='ocrx_word' id='word_1_18' title='bbox 804 585 870 650; x_wconf 87' lang='lat' dir='ltr'>Pol.</span> <span class='ocrx_word' id='word_1_19' title='bbox 897 584 943 648; x_wconf 87' lang='lat'>10.</span> <span class='ocrx_word' id='word_1_20' title='bbox 967 583 1006 661; x_wconf 88' lang='grc'>2,</span> <span class='ocrx_word' id='word_1_21' title='bbox 1039 583 1106 647; x_wconf 85' lang='lat' dir='ltr'>Liv.</span> <span class='ocrx_word' id='word_1_22' title='bbox 1129 583 1192 648; x_wconf 88' lang='lat' dir='ltr'>iam</span> <span class='ocrx_word' id='word_1_23' title='bbox 1214 581 1312 665; x_wconf 86' lang='lat' dir='ltr'>pube-</span> 
     </span>
     <span class='ocr_line' id='line_1_4' title="bbox 222 710 336 779; baseline -0.026 -15"><span class='ocrx_word' id='word_1_24' title='bbox 222 710 336 779; x_wconf 87' lang='lat' dir='ltr'>scens).</span> 
     </span>
    </p>

    <p class='ocr_par' dir='ltr' id='par_1_3' title="bbox 221 807 1314 1225">
     <span class='ocr_line' id='line_1_5' title="bbox 306 807 1312 894; baseline -0.002 -19"><span class='ocrx_word' id='word_1_25' title='bbox 306 811 341 894; x_wconf 89' lang='lat'>5)</span> <span class='ocrx_word' id='word_1_26' title='bbox 362 811 437 876; x_wconf 85' lang='grc' dir='ltr'>Ζοιι.</span> <span class='ocrx_word' id='word_1_27' title='bbox 460 810 489 873; x_wconf 88' lang='lat'>8.</span> <span class='ocrx_word' id='word_1_28' title='bbox 512 809 553 874; x_wconf 83' lang='grc'>26</span> <span class='ocrx_word' id='word_1_29' title='bbox 577 809 665 888; x_wconf 81' lang='grc'>(189)</span> <span class='ocrx_word' id='word_1_30' title='bbox 694 809 848 873; x_wconf 89' lang='lat' dir='ltr'>nonnulla</span> <span class='ocrx_word' id='word_1_31' title='bbox 869 829 951 874; x_wconf 85' lang='lat' dir='ltr'>nova</span> <span class='ocrx_word' id='word_1_32' title='bbox 974 807 1066 875; x_wconf 86' lang='lat' dir='ltr'>affert</span> <span class='ocrx_word' id='word_1_33' title='bbox 1088 809 1127 874; x_wconf 90' lang='lat' dir='ltr'>de</span> <span class='ocrx_word' id='word_1_34' title='bbox 1149 809 1312 874; x_wconf 87' lang='lat' dir='ltr'>Hanniba·</span> 
     </span>
     <span class='ocr_line' id='line_1_6' title="bbox 221 918 1314 1005; baseline -0.002 -19"><span class='ocrx_word' id='word_1_35' title='bbox 221 922 261 986; x_wconf 91' lang='lat' dir='ltr'>lis</span> <span class='ocrx_word' id='word_1_36' title='bbox 289 922 402 986; x_wconf 88' lang='lat' dir='ltr'>itinero</span> <span class='ocrx_word' id='word_1_37' title='bbox 429 927 502 1005; x_wconf 90' lang='lat' dir='ltr'>post</span> <span class='ocrx_word' id='word_1_38' title='bbox 528 941 666 1004; x_wconf 87' lang='lat' dir='ltr'>pugnam</span> <span class='ocrx_word' id='word_1_39' title='bbox 693 918 735 983; x_wconf 89' lang='lat' dir='ltr'>ad</span> <span class='ocrx_word' id='word_1_40' title='bbox 763 918 782 983; x_wconf 93' lang='lat' dir='ltr'>l.</span> <span class='ocrx_word' id='word_1_41' title='bbox 808 919 960 997; x_wconf 87' lang='lat' dir='ltr'>Trasim,</span> <span class='ocrx_word' id='word_1_42' title='bbox 996 919 1207 985; x_wconf 91' lang='lat' dir='ltr'>Hannibalem</span> <span class='ocrx_word' id='word_1_43' title='bbox 1230 919 1314 985; x_wconf 87' lang='lat' dir='ltr'>Nar-</span> 
     </span>
     <span class='ocr_line' id='line_1_7' title="bbox 221 1030 1313 1115; baseline 0 -18"><span class='ocrx_word' id='word_1_44' title='bbox 221 1032 308 1097; x_wconf 82' lang='lat' dir='ltr'>niam</span> <span class='ocrx_word' id='word_1_45' title='bbox 329 1053 428 1115; x_wconf 90' lang='lat' dir='ltr'>usque</span> <span class='ocrx_word' id='word_1_46' title='bbox 450 1035 665 1115; x_wconf 85' lang='lat' dir='ltr'>progressum,</span> <span class='ocrx_word' id='word_1_47' title='bbox 701 1030 796 1097; x_wconf 88' lang='lat' dir='ltr'>Naris</span> <span class='ocrx_word' id='word_1_48' title='bbox 817 1039 945 1115; x_wconf 87' lang='lat' dir='ltr'>pontem</span> <span class='ocrx_word' id='word_1_49' title='bbox 969 1032 1122 1098; x_wconf 89' lang='lat' dir='ltr'>deiectum</span> <span class='ocrx_word' id='word_1_50' title='bbox 1144 1033 1258 1099; x_wconf 85' lang='lat' dir='ltr'>vidisse</span> <span class='ocrx_word' id='word_1_51' title='bbox 1279 1038 1313 1098; x_wconf 88' lang='lat' dir='ltr'>et</span> 
     </span>
     <span class='ocr_line' id='line_1_8' title="bbox 222 1142 1189 1225; baseline -0.001 -17"><span class='ocrx_word' id='word_1_52' title='bbox 222 1144 336 1208; x_wconf 86' lang='lat' dir='ltr'>omisso</span> <span class='ocrx_word' id='word_1_53' title='bbox 358 1143 500 1207; x_wconf 89' lang='lat' dir='ltr'>Romano</span> <span class='ocrx_word' id='word_1_54' title='bbox 520 1143 633 1207; x_wconf 88' lang='lat' dir='ltr'>itinere</span> <span class='ocrx_word' id='word_1_55' title='bbox 653 1143 687 1206; x_wconf 93' lang='lat' dir='ltr'>in</span> <span class='ocrx_word' id='word_1_56' title='bbox 711 1142 917 1225; x_wconf 79' lang='lat' dir='ltr'>Campaniam</span> <span class='ocrx_word' id='word_1_57' title='bbox 939 1165 972 1208; x_wconf 88' lang='lat' dir='ltr'>se</span> <span class='ocrx_word' id='word_1_58' title='bbox 994 1147 1189 1211; x_wconf 83' lang='lat' dir='ltr'>coniertisse.</span> 
     </span>
    </p>

    <p class='ocr_par' dir='ltr' id='par_1_4' title="bbox 222 1254 1311 1451">
     <span class='ocr_line' id='line_1_9' title="bbox 307 1254 1311 1339; baseline 0.004 -20"><span class='ocrx_word' id='word_1_59' title='bbox 307 1254 340 1331; x_wconf 83' lang='lat'>6)</span> <span class='ocrx_word' id='word_1_60' title='bbox 368 1255 442 1318; x_wconf 92' lang='lat' dir='ltr'>Zon.</span> <span class='ocrx_word' id='word_1_61' title='bbox 465 1254 494 1318; x_wconf 88' lang='lat'>8.</span> <span class='ocrx_word' id='word_1_62' title='bbox 519 1255 560 1318; x_wconf 91' lang='grc'>26</span> <span class='ocrx_word' id='word_1_63' title='bbox 588 1254 684 1339; x_wconf 90' lang='grc'>(192)</span> <span class='ocrx_word' id='word_1_64' title='bbox 715 1254 927 1319; x_wconf 89' lang='lat' dir='ltr'>Hannibalem</span> <span class='ocrx_word' id='word_1_65' title='bbox 960 1255 1059 1320; x_wconf 90' lang='lat' dir='ltr'>literis</span> <span class='ocrx_word' id='word_1_66' title='bbox 1093 1257 1135 1321; x_wconf 89' lang='lat' dir='ltr'>ad</span> <span class='ocrx_word' id='word_1_67' title='bbox 1168 1263 1311 1323; x_wconf 88' lang='lat' dir='ltr'>senatum</span> 
     </span>
     <span class='ocr_line' id='line_1_10' title="bbox 222 1364 1272 1451; baseline 0.002 -20"><span class='ocrx_word' id='word_1_68' title='bbox 222 1367 325 1432; x_wconf 90' lang='lat' dir='ltr'>missis</span> <span class='ocrx_word' id='word_1_69' title='bbox 344 1365 457 1447; x_wconf 89' lang='lat' dir='ltr'>quibus</span> <span class='ocrx_word' id='word_1_70' title='bbox 480 1365 632 1430; x_wconf 90' lang='lat' dir='ltr'>auxilium</span> <span class='ocrx_word' id='word_1_71' title='bbox 654 1365 853 1449; x_wconf 77' lang='lat' dir='ltr'>implorasset</span> <span class='ocrx_word' id='word_1_72' title='bbox 876 1364 915 1429; x_wconf 90' lang='lat' dir='ltr'>ab</span> <span class='ocrx_word' id='word_1_73' title='bbox 937 1365 993 1430; x_wconf 89' lang='lat' dir='ltr'>illo</span> <span class='ocrx_word' id='word_1_74' title='bbox 1015 1367 1175 1451; x_wconf 91' lang='lat' dir='ltr'>repulsum</span> <span class='ocrx_word' id='word_1_75' title='bbox 1196 1389 1272 1433; x_wconf 88' lang='lat' dir='ltr'>esse.</span> 
     </span>
    </p>

    <p class='ocr_par' dir='ltr' id='par_1_5' title="bbox 222 1478 1311 1776">
     <span class='ocr_line' id='line_1_11' title="bbox 310 1478 1310 1563; baseline 0.003 -22"><span class='ocrx_word' id='word_1_76' title='bbox 310 1480 342 1561; x_wconf 83' lang='grc'>7)</span> <span class='ocrx_word' id='word_1_77' title='bbox 364 1479 439 1543; x_wconf 87' lang='grc' dir='ltr'>Ζοιι.</span> <span class='ocrx_word' id='word_1_78' title='bbox 464 1479 493 1543; x_wconf 92' lang='grc'>8.</span> <span class='ocrx_word' id='word_1_79' title='bbox 516 1480 556 1543; x_wconf 88' lang='grc'>26</span> <span class='ocrx_word' id='word_1_80' title='bbox 576 1488 624 1563; x_wconf 68' lang='lat' dir='ltr'>tp.</span> <span class='ocrx_word' id='word_1_81' title='bbox 651 1478 723 1558; x_wconf 88' lang='grc'>193)</span> <span class='ocrx_word' id='word_1_82' title='bbox 754 1479 912 1554; x_wconf 84' lang='lat' dir='ltr'>Romanos</span> <span class='ocrx_word' id='word_1_83' title='bbox 942 1481 1093 1561; x_wconf 88' lang='lat' dir='ltr'>pecuniae</span> <span class='ocrx_word' id='word_1_84' title='bbox 1122 1479 1230 1563; x_wconf 90' lang='lat' dir='ltr'>inopia</span> <span class='ocrx_word' id='word_1_85' title='bbox 1259 1499 1310 1544; x_wconf 90' lang='lat' dir='ltr'>co·</span> 
     </span>
     <span class='ocr_line' id='line_1_12' title="bbox 222 1591 1311 1676; baseline -0.001 -18"><span class='ocrx_word' id='word_1_86' title='bbox 222 1597 310 1658; x_wconf 88' lang='lat' dir='ltr'>actos</span> <span class='ocrx_word' id='word_1_87' title='bbox 337 1596 520 1675; x_wconf 85' lang='lat' dir='ltr'>argenteum</span> <span class='ocrx_word' id='word_1_88' title='bbox 549 1613 711 1656; x_wconf 90' lang='lat' dir='ltr'>nummum</span> <span class='ocrx_word' id='word_1_89' title='bbox 743 1591 845 1675; x_wconf 89' lang='lat' dir='ltr'>primo</span> <span class='ocrx_word' id='word_1_90' title='bbox 876 1593 1103 1676; x_wconf 85' lang='lat' dir='ltr'>impermistum</span> <span class='ocrx_word' id='word_1_91' title='bbox 1137 1599 1168 1656; x_wconf 90' lang='lat' dir='ltr'>et</span> <span class='ocrx_word' id='word_1_92' title='bbox 1196 1613 1311 1676; x_wconf 90' lang='lat' dir='ltr'>purum</span> 
     </span>
     <span class='ocr_line' id='line_1_13' title="bbox 222 1702 1255 1776; baseline -0.001 -8"><span class='ocrx_word' id='word_1_93' title='bbox 222 1724 294 1768; x_wconf 87' lang='lat' dir='ltr'>aere</span> <span class='ocrx_word' id='word_1_94' title='bbox 316 1702 451 1768; x_wconf 90' lang='lat' dir='ltr'>admisto</span> <span class='ocrx_word' id='word_1_95' title='bbox 472 1703 692 1769; x_wconf 83' lang='lat' dir='ltr'>adulterasse·</span> <span class='ocrx_word' id='word_1_96' title='bbox 1252 1765 1255 1776; x_wconf 87' lang='grc'>,</span> 
     </span>
    </p>

    <p class='ocr_par' dir='ltr' id='par_1_6' title="bbox 218 1815 1313 2100">
     <span class='ocr_line' id='line_1_14' title="bbox 218 1815 1313 1909; baseline 0.003 -31"><span class='ocrx_word' id='word_1_97' title='bbox 218 1901 221 1909; x_wconf 26' lang='grc' dir='ltr'>Ι</span> <span class='ocrx_word' id='word_1_98' title='bbox 309 1816 340 1898; x_wconf 87' lang='grc'>8)</span> <span class='ocrx_word' id='word_1_99' title='bbox 363 1816 395 1879; x_wconf 91' lang='grc' dir='ltr'>Ζ.</span> <span class='ocrx_word' id='word_1_100' title='bbox 420 1817 450 1881; x_wconf 93' lang='grc'>9.</span> <span class='ocrx_word' id='word_1_101' title='bbox 475 1817 491 1879; x_wconf 93' lang='grc'>1</span> <span class='ocrx_word' id='word_1_102' title='bbox 516 1822 558 1900; x_wconf 89' lang='lat' dir='ltr'>(p.</span> <span class='ocrx_word' id='word_1_103' title='bbox 585 1815 657 1894; x_wconf 86' lang='grc'>195)</span> <span class='ocrx_word' id='word_1_104' title='bbox 689 1815 744 1879; x_wconf 91' lang='lat' dir='ltr'>Cn.</span> <span class='ocrx_word' id='word_1_105' title='bbox 768 1815 943 1899; x_wconf 74' lang='lat' dir='ltr'>Scipionem</span> <span class='ocrx_word' id='word_1_106' title='bbox 972 1816 1006 1880; x_wconf 90' lang='lat' dir='ltr'>in</span> <span class='ocrx_word' id='word_1_107' title='bbox 1033 1817 1139 1881; x_wconf 87' lang='lat' dir='ltr'>navali</span> <span class='ocrx_word' id='word_1_108' title='bbox 1166 1816 1207 1881; x_wconf 88' lang='lat' dir='ltr'>ad</span> <span class='ocrx_word' id='word_1_109' title='bbox 1228 1816 1313 1881; x_wconf 87' lang='lat' dir='ltr'>Iberi</span> 
     </span>
     <span class='ocr_line' id='line_1_15' title="bbox 224 1923 1313 2009; baseline 0.002 -19"><span class='ocrx_word' id='word_1_110' title='bbox 224 1925 304 1990; x_wconf 85' lang='lat' dir='ltr'>ostia</span> <span class='ocrx_word' id='word_1_111' title='bbox 325 1924 445 2009; x_wconf 87' lang='lat' dir='ltr'>proelio</span> <span class='ocrx_word' id='word_1_112' title='bbox 466 1926 593 1989; x_wconf 85' lang='lat' dir='ltr'>navium</span> <span class='ocrx_word' id='word_1_113' title='bbox 609 1923 678 1989; x_wconf 86' lang='lat' dir='ltr'>vela</span> <span class='ocrx_word' id='word_1_114' title='bbox 700 1925 871 1989; x_wconf 86' lang='lat' dir='ltr'>resecuisse</span> <span class='ocrx_word' id='word_1_115' title='bbox 892 1930 928 1990; x_wconf 88' lang='lat' dir='ltr'>ut</span> <span class='ocrx_word' id='word_1_116' title='bbox 950 1926 1086 1990; x_wconf 86' lang='lat' dir='ltr'>Romani</span> <span class='ocrx_word' id='word_1_117' title='bbox 1107 1926 1243 1991; x_wconf 87' lang='lat' dir='ltr'>alacrius</span> <span class='ocrx_word' id='word_1_118' title='bbox 1265 1927 1313 1992; x_wconf 89' lang='lat' dir='ltr'>di-</span> 
     </span>
     <span class='ocr_line' id='line_1_16' title="bbox 222 2026 688 2100; baseline -0.009 0"><span class='ocrx_word' id='word_1_119' title='bbox 222 2039 385 2100; x_wconf 77' lang='lat' dir='ltr'>micarent.</span> <span class='ocrx_word' id='word_1_120' title='bbox 681 2026 688 2036; x_wconf 84' lang='grc'><em>’</em></span> 
     </span>
    </p>

    <p class='ocr_par' dir='ltr' id='par_1_7' title="bbox 222 2145 1314 2345">
     <span class='ocr_line' id='line_1_17' title="bbox 308 2145 1313 2232; baseline 0.003 -22"><span class='ocrx_word' id='word_1_121' title='bbox 308 2148 340 2225; x_wconf 93' lang='grc'>9)</span> <span class='ocrx_word' id='word_1_122' title='bbox 362 2146 395 2209; x_wconf 93' lang='grc' dir='ltr'>Ζ.</span> <span class='ocrx_word' id='word_1_123' title='bbox 419 2145 447 2210; x_wconf 90' lang='grc'>9.</span> <span class='ocrx_word' id='word_1_124' title='bbox 473 2148 488 2208; x_wconf 95' lang='grc'>1</span> <span class='ocrx_word' id='word_1_125' title='bbox 513 2155 555 2229; x_wconf 87' lang='lat' dir='ltr'>(p.</span> <span class='ocrx_word' id='word_1_126' title='bbox 581 2146 652 2223; x_wconf 89' lang='grc'>196)</span> <span class='ocrx_word' id='word_1_127' title='bbox 682 2147 804 2212; x_wconf 88' lang='lat' dir='ltr'>cladem</span> <span class='ocrx_word' id='word_1_128' title='bbox 834 2147 1030 2213; x_wconf 80' lang='lat' dir='ltr'>Cannensem</span> <span class='ocrx_word' id='word_1_129' title='bbox 1053 2148 1213 2232; x_wconf 88' lang='lat' dir='ltr'>Sibyllinis</span> <span class='ocrx_word' id='word_1_130' title='bbox 1242 2168 1313 2213; x_wconf 87' lang='lat' dir='ltr'>ora-</span> 
     </span>
     <span class='ocr_line' id='line_1_18' title="bbox 222 2257 1314 2345; baseline -0.002 -20"><span class='ocrx_word' id='word_1_131' title='bbox 222 2258 301 2325; x_wconf 85' lang='lat' dir='ltr'>culis</span> <span class='ocrx_word' id='word_1_132' title='bbox 329 2257 491 2339; x_wconf 87' lang='lat' dir='ltr'>Marcique</span> <span class='ocrx_word' id='word_1_133' title='bbox 519 2257 600 2321; x_wconf 86' lang='lat' dir='ltr'>vatis</span> <span class='ocrx_word' id='word_1_134' title='bbox 629 2258 821 2322; x_wconf 76' lang='lat' dir='ltr'>divinatione</span> <span class='ocrx_word' id='word_1_135' title='bbox 852 2258 1047 2341; x_wconf 81' lang='lat' dir='ltr'>praedictam</span> <span class='ocrx_word' id='word_1_136' title='bbox 1076 2279 1143 2323; x_wconf 87' lang='lat' dir='ltr'>esse</span> <span class='ocrx_word' id='word_1_137' title='bbox 1173 2261 1314 2345; x_wconf 81' lang='grc' dir='ltr'>(Διομη-</span> 
     </span>
    </p>
   </div>
   <div class='ocr_carea' id='block_1_3' title="bbox 222 2352 1389 2900">
    <p class='ocr_par' dir='ltr' id='par_1_8' title="bbox 222 2352 1028 2452">
     <span class='ocr_line' id='line_1_19' title="bbox 222 2352 1028 2452; baseline 0.001 -18"><span class='ocrx_word' id='word_1_138' title='bbox 222 2352 598 2434; x_wconf 59' lang='lat' dir='ltr'>aeramentorum.</span> <span class='ocrx_word' id='word_1_139' title='bbox 623 2368 644 2432; x_wconf 85' lang='lat' dir='ltr'>f.</span> <span class='ocrx_word' id='word_1_140' title='bbox 667 2371 696 2432; x_wconf 80' lang='lat'>2.</span> <span class='ocrx_word' id='word_1_141' title='bbox 720 2370 749 2448; x_wconf 87' lang='lat'>3,</span> <span class='ocrx_word' id='word_1_142' title='bbox 772 2370 865 2434; x_wconf 72' lang='lat' dir='ltr'>otoo.</span> <span class='ocrx_word' id='word_1_143' title='bbox 889 2370 939 2433; x_wconf 73' lang='lat' dir='ltr'>aa.</span> <span class='ocrx_word' id='word_1_144' title='bbox 963 2369 1028 2452; x_wconf 76' lang='lat'><strong>24).</strong></span> 
     </span>
    </p>

    <p class='ocr_par' dir='ltr' id='par_1_9' title="bbox 222 2479 1389 2900">
     <span class='ocr_line' id='line_1_20' title="bbox 308 2479 1314 2567; baseline 0.006 -24"><span class='ocrx_word' id='word_1_145' title='bbox 308 2482 359 2552; x_wconf 89' lang='grc'>10)</span> <span class='ocrx_word' id='word_1_146' title='bbox 381 2481 412 2544; x_wconf 92' lang='grc' dir='ltr'>Ζ.</span> <span class='ocrx_word' id='word_1_147' title='bbox 436 2481 466 2543; x_wconf 89' lang='grc'>9.</span> <span class='ocrx_word' id='word_1_148' title='bbox 491 2481 507 2542; x_wconf 94' lang='grc'>1</span> <span class='ocrx_word' id='word_1_149' title='bbox 531 2487 574 2563; x_wconf 78' lang='lat' dir='ltr'>(p,</span> <span class='ocrx_word' id='word_1_150' title='bbox 601 2479 672 2560; x_wconf 89' lang='grc'>198)</span> <span class='ocrx_word' id='word_1_151' title='bbox 703 2481 915 2547; x_wconf 87' lang='lat' dir='ltr'>Hannibalem</span> <span class='ocrx_word' id='word_1_152' title='bbox 942 2504 1000 2566; x_wconf 91' lang='lat' dir='ltr'>pro</span> <span class='ocrx_word' id='word_1_153' title='bbox 1026 2505 1133 2567; x_wconf 85' lang='lat' dir='ltr'>pugna</span> <span class='ocrx_word' id='word_1_154' title='bbox 1154 2482 1314 2549; x_wconf 83' lang='lat' dir='ltr'>Cannensi</span> 
     </span>
     <span class='ocr_line' id='line_1_21' title="bbox 222 2593 1389 2683; baseline -0.005 -25"><span class='ocrx_word' id='word_1_155' title='bbox 222 2595 387 2659; x_wconf 88' lang='lat' dir='ltr'>commissa</span> <span class='ocrx_word' id='word_1_156' title='bbox 408 2614 519 2676; x_wconf 84' lang='lat' dir='ltr'>agrum</span> <span class='ocrx_word' id='word_1_157' title='bbox 541 2596 648 2657; x_wconf 89' lang='lat' dir='ltr'>aratro</span> <span class='ocrx_word' id='word_1_158' title='bbox 670 2593 858 2675; x_wconf 86' lang='lat' dir='ltr'>proscidisse</span> <span class='ocrx_word' id='word_1_159' title='bbox 884 2599 919 2658; x_wconf 90' lang='lat' dir='ltr'>ut</span> <span class='ocrx_word' id='word_1_160' title='bbox 944 2596 978 2658; x_wconf 93' lang='lat' dir='ltr'>in</span> <span class='ocrx_word' id='word_1_161' title='bbox 999 2615 1106 2678; x_wconf 86' lang='lat' dir='ltr'>pugna</span> <span class='ocrx_word' id='word_1_162' title='bbox 1127 2595 1230 2678; x_wconf 82' lang='lat' dir='ltr'>pulvis</span> <span class='ocrx_word' id='word_1_163' title='bbox 1251 2593 1313 2683; x_wconf 87' lang='lat' dir='ltr'>tol·</span> <span class='ocrx_word' id='word_1_164' title='bbox 1386 2649 1389 2652; x_wconf 87' lang='grc'><em>,</em></span> 
     </span>
     <span class='ocr_line' id='line_1_22' title="bbox 222 2701 1314 2787; baseline 0 -18"><span class='ocrx_word' id='word_1_165' title='bbox 222 2704 340 2769; x_wconf 86' lang='lat' dir='ltr'>leretur</span> <span class='ocrx_word' id='word_1_166' title='bbox 361 2710 393 2768; x_wconf 89' lang='lat' dir='ltr'>et</span> <span class='ocrx_word' id='word_1_167' title='bbox 414 2723 576 2767; x_wconf 88' lang='lat' dir='ltr'>caesorum</span> <span class='ocrx_word' id='word_1_168' title='bbox 598 2701 751 2768; x_wconf 87' lang='lat' dir='ltr'>cadavera</span> <span class='ocrx_word' id='word_1_169' title='bbox 773 2724 868 2787; x_wconf 87' lang='lat' dir='ltr'>supra</span> <span class='ocrx_word' id='word_1_170' title='bbox 895 2704 929 2768; x_wconf 92' lang='lat' dir='ltr'>in</span> <span class='ocrx_word' id='word_1_171' title='bbox 957 2703 1085 2769; x_wconf 81' lang='lat' dir='ltr'>fluvium</span> <span class='ocrx_word' id='word_1_172' title='bbox 1114 2705 1257 2769; x_wconf 89' lang='lat' dir='ltr'>iniecisse</span> <span class='ocrx_word' id='word_1_173' title='bbox 1277 2709 1314 2769; x_wconf 89' lang='lat' dir='ltr'>ut</span> 
     </span>
     <span class='ocr_line' id='line_1_23' title="bbox 223 2813 731 2900; baseline -0.008 -20"><span class='ocrx_word' id='word_1_174' title='bbox 223 2838 243 2881; x_wconf 88' lang='lat' dir='ltr'>a</span> <span class='ocrx_word' id='word_1_175' title='bbox 264 2820 341 2900; x_wconf 91' lang='lat' dir='ltr'>potu</span> <span class='ocrx_word' id='word_1_176' title='bbox 362 2813 569 2879; x_wconf 84' lang='lat' dir='ltr'>abhorrerent</span> <span class='ocrx_word' id='word_1_177' title='bbox 590 2813 731 2877; x_wconf 87' lang='lat' dir='ltr'>Romani.</span> 
     </span>
    </p>
   </div>
   <div class='ocr_carea' id='block_1_4' title="bbox 223 2926 1314 3125">
    <p class='ocr_par' dir='ltr' id='par_1_10' title="bbox 223 2926 1314 3125">
     <span class='ocr_line' id='line_1_24' title="bbox 310 2926 1314 3012; baseline 0 -20"><span class='ocrx_word' id='word_1_178' title='bbox 310 2931 363 3010; x_wconf 91' lang='grc'>11)</span> <span class='ocrx_word' id='word_1_179' title='bbox 386 2929 419 2992; x_wconf 89' lang='grc' dir='ltr'>Ζ.</span> <span class='ocrx_word' id='word_1_180' title='bbox 436 2929 464 2991; x_wconf 92' lang='grc'>9.</span> <span class='ocrx_word' id='word_1_181' title='bbox 487 2927 507 2990; x_wconf 98' lang='grc'>2</span> <span class='ocrx_word' id='word_1_182' title='bbox 530 2936 573 3012; x_wconf 87' lang='lat' dir='ltr'>(p.</span> <span class='ocrx_word' id='word_1_183' title='bbox 589 2927 666 3007; x_wconf 90' lang='grc'>201)</span> <span class='ocrx_word' id='word_1_184' title='bbox 688 2927 847 2991; x_wconf 87' lang='lat' dir='ltr'>Romanos</span> <span class='ocrx_word' id='word_1_185' title='bbox 868 2926 989 3009; x_wconf 83' lang='lat' dir='ltr'>legatos</span> <span class='ocrx_word' id='word_1_186' title='bbox 1009 2928 1043 2991; x_wconf 94' lang='lat' dir='ltr'>in</span> <span class='ocrx_word' id='word_1_187' title='bbox 1065 2928 1231 2992; x_wconf 88' lang='lat' dir='ltr'>Graeciam</span> <span class='ocrx_word' id='word_1_188' title='bbox 1256 2928 1314 2992; x_wconf 91' lang='lat' dir='ltr'>mi-</span> 
     </span>
     <span class='ocr_line' id='line_1_25' title="bbox 223 3032 1216 3125; baseline -0.004 -17"><span class='ocrx_word' id='word_1_189' title='bbox 223 3044 299 3108; x_wconf 86' lang='lat' dir='ltr'>sisse</span> <span class='ocrx_word' id='word_1_190' title='bbox 321 3042 440 3108; x_wconf 85' lang='lat' dir='ltr'>auxilia</span> <span class='ocrx_word' id='word_1_191' title='bbox 461 3039 511 3104; x_wconf 85' lang='lat' dir='ltr'>vel</span> <span class='ocrx_word' id='word_1_192' title='bbox 531 3032 741 3125; x_wconf 84' lang='lat' dir='ltr'>imperaturos</span> <span class='ocrx_word' id='word_1_193' title='bbox 762 3039 812 3104; x_wconf 86' lang='lat' dir='ltr'>vel</span> <span class='ocrx_word' id='word_1_194' title='bbox 833 3040 975 3106; x_wconf 88' lang='lat' dir='ltr'>mercede</span> <span class='ocrx_word' id='word_1_195' title='bbox 998 3041 1216 3106; x_wconf 88' lang='lat' dir='ltr'>conducturos.</span> 
     </span>
    </p>
   </div>
   <div class='ocr_carea' id='block_1_5' title="bbox 226 3350 1315 3664">
    <p class='ocr_par' dir='ltr' id='par_1_11' title="bbox 226 3350 1315 3664">
     <span class='ocr_line' id='line_1_26' title="bbox 309 3350 1315 3437; baseline 0 -16"><span class='ocrx_word' id='word_1_196' title='bbox 309 3357 423 3421; x_wconf 88' lang='lat' dir='ltr'>Omnia</span> <span class='ocrx_word' id='word_1_197' title='bbox 443 3355 522 3420; x_wconf 88' lang='lat' dir='ltr'>haec</span> <span class='ocrx_word' id='word_1_198' title='bbox 544 3353 778 3434; x_wconf 87' lang='lat' dir='ltr'>additamenta,</span> <span class='ocrx_word' id='word_1_199' title='bbox 814 3376 947 3437; x_wconf 90' lang='lat' dir='ltr'>quorum</span> <span class='ocrx_word' id='word_1_200' title='bbox 974 3350 1122 3420; x_wconf 86' lang='lat' dir='ltr'>numerus</span> <span class='ocrx_word' id='word_1_201' title='bbox 1143 3355 1236 3420; x_wconf 87' lang='lat' dir='ltr'>facile</span> <span class='ocrx_word' id='word_1_202' title='bbox 1257 3376 1315 3421; x_wconf 85' lang='lat' dir='ltr'>au-</span> 
     </span>
     <span class='ocr_line' id='line_1_27' title="bbox 226 3465 1314 3551; baseline 0 -19"><span class='ocrx_word' id='word_1_203' title='bbox 226 3468 292 3551; x_wconf 83' lang='lat' dir='ltr'>geri</span> <span class='ocrx_word' id='word_1_204' title='bbox 312 3473 431 3551; x_wconf 89' lang='lat' dir='ltr'>potest‚</span> <span class='ocrx_word' id='word_1_205' title='bbox 453 3466 494 3530; x_wconf 88' lang='lat' dir='ltr'>ad</span> <span class='ocrx_word' id='word_1_206' title='bbox 515 3465 677 3531; x_wconf 85' lang='lat' dir='ltr'>annalium</span> <span class='ocrx_word' id='word_1_207' title='bbox 701 3468 884 3551; x_wconf 87' lang='lat' dir='ltr'>scriptorem</span> <span class='ocrx_word' id='word_1_208' title='bbox 907 3467 1083 3548; x_wconf 86' lang='lat' dir='ltr'>pertinent3</span> <span class='ocrx_word' id='word_1_209' title='bbox 1106 3466 1138 3532; x_wconf 94' lang='lat' dir='ltr'>id</span> <span class='ocrx_word' id='word_1_210' title='bbox 1160 3489 1233 3532; x_wconf 85' lang='lat' dir='ltr'>vero</span> <span class='ocrx_word' id='word_1_211' title='bbox 1255 3488 1314 3551; x_wconf 91' lang='lat' dir='ltr'>pro</span> 
     </span>
     <span class='ocr_line' id='line_1_28' title="bbox 226 3579 1315 3664; baseline -0.001 -18"><span class='ocrx_word' id='word_1_212' title='bbox 226 3586 313 3647; x_wconf 87' lang='lat' dir='ltr'>certo</span> <span class='ocrx_word' id='word_1_213' title='bbox 342 3579 494 3644; x_wconf 88' lang='lat' dir='ltr'>habemus</span> <span class='ocrx_word' id='word_1_214' title='bbox 522 3579 644 3644; x_wconf 83' lang='lat' dir='ltr'>Livium</span> <span class='ocrx_word' id='word_1_215' title='bbox 674 3579 762 3643; x_wconf 92' lang='lat' dir='ltr'>nullo</span> <span class='ocrx_word' id='word_1_216' title='bbox 791 3579 883 3643; x_wconf 92' lang='lat' dir='ltr'>modo</span> <span class='ocrx_word' id='word_1_217' title='bbox 912 3600 931 3643; x_wconf 89' lang='lat' dir='ltr'>a</span> <span class='ocrx_word' id='word_1_218' title='bbox 960 3580 993 3644; x_wconf 91' lang='lat' dir='ltr'>C.</span> <span class='ocrx_word' id='word_1_219' title='bbox 1017 3579 1117 3644; x_wconf 92' lang='lat' dir='ltr'>Dione</span> <span class='ocrx_word' id='word_1_220' title='bbox 1138 3581 1315 3664; x_wconf 89' lang='lat' dir='ltr'>inspectum</span> 
     </span>
    </p>
   </div>
   <div class='ocr_carea' id='block_1_6' title="bbox 88 3713 302 3757">
    <p class='ocr_par' dir='ltr' id='par_1_12' title="bbox 88 3713 302 3757">
     <span class='ocr_line' id='line_1_29' title="bbox 88 3713 302 3757; baseline -0.009 0"><span class='ocrx_word' id='word_1_221' title='bbox 88 3718 92 3725; x_wconf 92' lang='lat'><em>&#39;</em></span> <span class='ocrx_word' id='word_1_222' title='bbox 227 3713 302 3757; x_wconf 76' lang='lat' dir='ltr'>CSSC.</span> 
     </span>
    </p>
   </div>
   <div class='ocr_carea' id='block_1_7' title="bbox 141 3802 1316 4110">
    <p class='ocr_par' dir='ltr' id='par_1_13' title="bbox 141 3802 1316 4110">
     <span class='ocr_line' id='line_1_30' title="bbox 312 3802 1316 3885; baseline 0 -18"><span class='ocrx_word' id='word_1_223' title='bbox 312 3803 423 3885; x_wconf 85' lang='lat' dir='ltr'>Itaque</span> <span class='ocrx_word' id='word_1_224' title='bbox 445 3803 550 3866; x_wconf 88' lang='lat' dir='ltr'>statim</span> <span class='ocrx_word' id='word_1_225' title='bbox 571 3802 606 3866; x_wconf 92' lang='lat' dir='ltr'>in</span> <span class='ocrx_word' id='word_1_226' title='bbox 629 3802 885 3884; x_wconf 89' lang='lat' dir='ltr'>disceptationem</span> <span class='ocrx_word' id='word_1_227' title='bbox 906 3823 1061 3881; x_wconf 87' lang='lat' dir='ltr'>vocemus,</span> <span class='ocrx_word' id='word_1_228' title='bbox 1083 3802 1196 3884; x_wconf 89' lang='lat' dir='ltr'>quibus</span> <span class='ocrx_word' id='word_1_229' title='bbox 1218 3802 1316 3868; x_wconf 87' lang='lat' dir='ltr'>fonti·</span> 
     </span>
     <span class='ocr_line' id='line_1_31' title="bbox 227 3911 1313 3996; baseline -0.003 -16"><span class='ocrx_word' id='word_1_230' title='bbox 227 3916 286 3981; x_wconf 89' lang='lat' dir='ltr'>bus</span> <span class='ocrx_word' id='word_1_231' title='bbox 314 3937 389 3980; x_wconf 89' lang='lat' dir='ltr'>usus</span> <span class='ocrx_word' id='word_1_232' title='bbox 418 3916 460 3979; x_wconf 89' lang='lat' dir='ltr'>sit</span> <span class='ocrx_word' id='word_1_233' title='bbox 491 3913 523 3978; x_wconf 89' lang='lat' dir='ltr'>C.</span> <span class='ocrx_word' id='word_1_234' title='bbox 553 3914 621 3978; x_wconf 91' lang='lat' dir='ltr'>Dio.</span> <span class='ocrx_word' id='word_1_235' title='bbox 680 3913 717 3977; x_wconf 92' lang='lat' dir='ltr'>In</span> <span class='ocrx_word' id='word_1_236' title='bbox 746 3913 924 3996; x_wconf 85' lang='lat' dir='ltr'>primordiis</span> <span class='ocrx_word' id='word_1_237' title='bbox 952 3911 1069 3979; x_wconf 83' lang='lat' dir='ltr'>Rornae</span> <span class='ocrx_word' id='word_1_238' title='bbox 1099 3912 1313 3977; x_wconf 87' lang='lat' dir='ltr'>describendis</span> 
     </span>
     <span class='ocr_line' id='line_1_32' title="bbox 141 4025 1052 4110; baseline -0.002 -20"><span class='ocrx_word' id='word_1_239' title='bbox 141 4030 143 4035; x_wconf 81' lang='grc'>’</span> <span class='ocrx_word' id='word_1_240' title='bbox 229 4025 364 4090; x_wconf 76' lang='lat' dir='ltr'>Fadium</span> <span class='ocrx_word' id='word_1_241' title='bbox 385 4026 518 4091; x_wconf 88' lang='lat' dir='ltr'>fortasse</span> <span class='ocrx_word' id='word_1_242' title='bbox 539 4026 741 4110; x_wconf 88' lang='lat' dir='ltr'>praecipuum</span> <span class='ocrx_word' id='word_1_243' title='bbox 763 4025 881 4090; x_wconf 87' lang='lat' dir='ltr'>fontem</span> <span class='ocrx_word' id='word_1_244' title='bbox 903 4027 1052 4107; x_wconf 88' lang='lat' dir='ltr'>sequitur.</span> 
     </span>
    </p>
   </div>
   <div class='ocr_carea' id='block_1_8' title="bbox 0 0 1438 4612">
    <p class='ocr_par' dir='ltr' id='par_1_14' title="bbox 0 0 1438 4612">
     <span class='ocr_line' id='line_1_33' title="bbox 0 0 1438 4612; baseline 0 0"><span class='ocrx_word' id='word_1_245' title='bbox 0 0 1438 4612; x_wconf 95' lang='lat' dir='ltr'> </span> 
     </span>
    </p>
   </div>
  </div>
 </body>
</html>
