2858 4612
684 244 731 316 61

691 444 736 499 1v.

248 593 275 639 o.
297 571 434 635 57-59.
476 569 514 634 In
540 568 651 646 rebus,
684 589 767 650 quae
798 587 936 653 pugnam
968 568 1010 634 ad
1038 567 1184 634 'lbebiam
1213 589 1262 635 se·

164 672 320 764 quuntur,
356 680 463 745 Livius
490 699 555 743 non
582 677 724 742 Caelium
754 677 810 742 sed
838 677 998 742 Valerium
1032 677 1195 744 Antiatem
1227 679 1261 742 in

163 812 255 857 usum
283 794 384 856 vocat.

250 904 431 986 Sequuntur
453 903 536 968 enim
558 902 694 985 primum
716 922 766 965 res
788 900 930 966 urbanae
945 902 1162 991 Sempronium
1186 923 1262 968 oon·

164 1017 264 1083 sulem
285 1017 345 1081 iter
366 1015 499 1079 Romam
520 1013 631 1078 fecisse
653 1019 689 1078 ut
710 1013 838 1077 comitia
866 1012 998 1079 haberet
1020 1020 1052 1080 st
1073 1014 1261 1082 Hannibalis
1319 1044 1321 1051 ¹

164 1126 315 1192 hibernae
336 1124 562 1207 expeditiones.

219 1324 223 1331 ι
250 1239 392 1303 Duarum
415 1237 457 1302 ad
481 1237 673 1301 Placentiam
695 1254 871 1316 pugnarum
887 1234 989 1299 altera
1008 1235 1049 1300 ad
1064 1236 1182 1302 Valerii
1197 1237 1263 1303 An·

163 1350 251 1414 tiatis
271 1367 397 1430 pugnae
417 1347 615 1411 narrationes
642 1345 779 1426 pertinet
808 1343 941 1409 {verbisz
974 1345 1172 1426 „ingentibus
1193 1350 1262 1412 ani-

164 1460 224 1525 mis
249 1455 342 1523 'vario
363 1463 476 1522 eventu
497 1461 671 1540 pugnatum
693 1460 772 1538 est,‘†
804 1453 867 1517 300
888 1453 925 1517 R.
949 1475 996 1535 eq.
1019 1464 1038 1530 †
1069 1456 1132 1520 300
1154 1456 1260 1524 Carth.

165 1591 213 1652 eq.
236 1579 272 1647 †‚
309 1569 372 1632 600
393 1589 424 1650 p.
448 1577 467 1643 †
493 1568 527 1631 in
554 1573 689 1649 utraque
716 1568 830 1650 parte).
880 1564 1048 1631 Praeterea
1076 1588 1201 1650 quoqne
1228 1570 1261 1634 in

166 1680 322 1765 Apennini
350 1678 487 1744 transitu
515 1678 693 1744 enarrando
723 1677 824 1743 multa
852 1678 885 1741 in
914 1676 1076 1742 Valerium
1098 1679 1261 1744 Antiatum

165 1790 394 1855 demonstrant.

200 1928 204 1934 ¹
251 1898 408 1977 Labores,
443 1917 522 1980 quos
549 1897 704 1962 exereitus
726 1894 1033 1980 Carthaginiensium
1055 1898 1189 1978 tolerat,
1224 1900 1263 1965 iis

166 2012 339 2096 persimiles
360 2015 451 2089 sunt,
488 2029 567 2092 quos
594 2009 627 2074 in
656 2011 707 2074 via
735 2031 792 2092 per
813 2008 963 2092 paludem
986 2009 1107 2091 (Livius
1128 2011 1179 2075 22.
1203 2013 1262 2078 ae

167 2122 288 2204 (laelio)
313 2123 456 2187 sustinet.

343 2226 607 2303 mmm'
924 2249 1090 2306 mma

261 2366 280 2410 e
300 2345 428 2412 Valerio
449 2344 600 2408 Antiats?
922 2366 941 2410 e
962 2345 1068 2411 anlio

167 2462 259 2522 tanta
273 2457 320 2522 vis
333 2454 460 2537 frigoris
475 2454 618 2518 insecuta
632 2459 689 2532 est,
733 2453 819 2519 Galli
841 2477 937 2539 neque
959 2456 1111 2519 sustinere
1134 2474 1168 2521 se
1189 2476 1263 2540 pro·

166 2575 204 2635 ut
217 2591 257 2635 ex
270 2569 327 2634 illa
341 2565 516 2633 miserabili
531 2565 693 2629 hominum
737 2566 827 2649 lapsu
849 2588 946 2650 neque
965 2569 1133 2650 adrurpere
1155 2589 1194 2633 ex
1208 2590 1263 2635 uo·

165 2681 439 2758 iumentorumque
468 2679 589 2758 strage,
625 2695 694 2738 eum
737 2674 899 2758 raginibus
918 2684 1081 2758 poterant,
1116 2683 1173 2742 aut
1193 2697 1263 2742 cor-

166 2812 199 2857 se
220 2790 359 2873 quisque
370 2787 518 2883 extollere
539 2809 577 2849 aa
593 2786 694 2850 levore
735 2807 815 2869 pora
835 2786 949 2851 animis
976 2792 1033 2852 aut
1058 2788 1181 2853 animos
1207 2807 1263 2872 sps

166 2903 269 2979 vellet,
292 2901 348 2965 diu
369 2897 509 2984 nequiret
531 2904 590 2963 eto.
738 2897 943 2963 sustinebant.

250 3012 415 3095 Duplioem
438 3009 519 3074 Livii
538 3009 724 3074 relationem
746 3008 882 3074 maxime
899 3009 933 3071 in
948 3007 1187 3089 elephantorum
1204 3029 1263 3072 nu·

167 3147 253 3194 mero
281 3123 459 3192 enarrando
485 3121 645 3201 videmus3
682 3123 716 3186 in
742 3141 849 3205 pugna
870 3119 912 3185 ad
934 3118 1078 3184 Trebiam
1102 3118 1262 3202 elephanti

167 3238 301 3322 periere:

255 3365 316 3418 Pol.
333 3366 358 3418 3.
377 3367 420 3418 74.
440 3366 471 3416 11
493 3379 508 3416 e
528 3362 622 3416 Sileno
829 3361 889 3414 Liv.
908 3362 949 3413 21.
970 3362 1012 3414 56.
1031 3377 1047 3413 e
1066 3359 1161 3413 Caelio

168 3453 252 3522 ὥστε
273 3455 394 3538 τὰμὲν
414 3452 517 3544 θηρία
544 3455 692 3542 deapta-
733 3458 780 3519 vis
804 3454 932 3538 frigoris
954 3455 1139 3539 elephantos
1162 3476 1263 3539 propa

167 3569 261 3651 ρῆναι
283 3562 384 3652 πλὴν
406 3559 500 3643 ἑνός.
736 3586 840 3627 omnes
861 3563 1023 3629 absumsit.

167 3673 207 3740 ci.
222 3675 297 3739 Zeu.
321 3673 350 3740 8.
372 3673 422 3739 85.
440 3673 531 3755 (186)
552 3695 630 3748 τους
645 3668 690 3737 tl.

168 3785 254 3874 πλὴν
275 3782 346 3864 ἑνὸς
367 3778 544 3869 ἀπέβαλεν.

165 3904 235 3966 tum
257 3899 322 3965 Lir.
345 3899 396 3963 21.
419 3896 462 3962 58
484 3904 595 3961 narrat
615 3896 650 3958 in
664 3896 819 3978 Apennini
844 3897 978 3962 transitu
1000 3898 1160 3982 elephanti
1186 3919 1264 3981 quo-

167 4030 229 4093 que
