2858 4612
689 267 737 338 57

162 468 317 552 ginienses
346 469 511 552 proferunt
532 467 616 552 apud
638 468 803 553 Polybium
824 468 1009 552 Liviumque
1034 470 1161 536 eaedem
1185 475 1259 536 sunt

163 583 243 662 (Pol.
267 582 295 645 3.
320 582 362 645 20
384 580 439 659 ffa
496 581 586 665 Apud
608 588 776 664 utrumque
799 582 1074 667 Carthaginienses
1096 582 1207 647 foedus
1229 603 1258 648 a.

83 756 85 761 .
162 694 224 758 241
248 715 319 758 curn
342 693 376 756 C.
399 692 527 757 Lutatio
548 692 661 771 ictum,
683 693 717 756 iu
739 713 801 775 quo
823 715 894 758 oum
917 701 1079 760 caveretur
1101 699 1260 760 utrorum-

163 825 224 887 que
246 805 337 869 sociis
359 805 405 869 nil
426 805 464 869 de
487 804 668 887 Saguntinis
690 811 818 898 cautum
839 805 951 884 fuisse,
984 807 1137 884 recitant,
1173 805 1259 888 apud
1360 862 1364 869 .

161 920 331 998 utrumque
353 914 628 998 Carthaginienses
650 936 683 980 se
705 937 769 978 non
791 918 891 981 teneri
912 916 1054 994 foedere,
1080 917 1164 999 quod
1187 939 1258 983 oum

163 1028 363 1094 Hasdrubale
384 1020 491 1094 insciis
507 1028 820 1112 Carthaginiensibus
841 1030 939 1095 ictum
962 1036 1054 1109 esset,
1075 1030 1260 1113 praedicant

164 1141 272 1206 eodem
294 1140 397 1217 modo,
420 1144 457 1204 ut
474 1139 608 1204 Romani
630 1160 663 1205 se
686 1140 785 1205 teneri
807 1139 941 1219 foedere,
963 1142 1048 1224 quod
1064 1141 1097 1209 0.
1113 1141 1259 1207 Lutatius

162 1253 302 1331 fecisset,
339 1253 414 1334 quia
441 1272 543 1333 neque
572 1238 762 1316 auctoritate
793 1258 920 1335 patrum
949 1273 1007 1317 nec
1035 1252 1146 1336 populi
1171 1252 1259 1317 iussu

162 1365 261 1429 ictum
283 1369 381 1442 esset,
403 1367 572 1445 negassent
593 1361 646 1427 (cf.
672 1363 738 1426 Pol.
765 1364 792 1425 l.
818 1361 867 1426 63.
894 1363 921 1440 1,
944 1361 972 1425 3.
996 1361 1060 1442 27).

247 1473 313 1537 Pol.
331 1472 360 1536 3.
377 1473 419 1538 20
440 1472 551 1538 foedus
571 1495 599 1537 a.
617 1474 678 1536 241
700 1473 798 1538 ictum
819 1473 990 1538 identidem
1012 1493 1176 1537 recensum
1192 1493 1259 1538 esse

163 1590 195 1651 et
215 1586 304 1650 Rom.
326 1586 448 1667 legatos
468 1585 604 1650 foederis
624 1592 787 1668 ruptorem
809 1585 1028 1668 expoposcisse
1048 1583 1160 1663 addit,
1188 1590 1257 1650 tum

162 1699 295 1764 Fabium
317 1697 435 1762 bellum
457 1696 560 1762 verbis
580 1695 748 1773 indixisse,
780 1695 814 1760 in
836 1695 950 1778 quibus
972 1678 1087 1758 omnes¹
1101 1694 1259 1759 narratio-

163 1833 219 1876 nes
241 1810 442 1876 consentiunt
464 1809 509 1892 (p.
532 1807 597 1892 24).

250 1919 354 1985 Verba
376 1917 486 2001 Polyb.
509 1916 538 1980 3.
559 1916 610 1980 29.
633 1917 650 1978 l
674 1936 747 1995 „oar
767 1909 847 1995 (ὑπὸ
869 1906 1039 1995 Ῥωμαίων
1059 1908 1258 1996 λεγομένοις)

162 2024 384 2116 advertenda
402 2025 586 2116 ἐχρήσαντο,
609 2025 737 2110 λέγεται
752 2023 788 2091 δὲ
803 2020 964 2102 πολλάκις
984 2021 1041 2088 καὶ
1061 2018 1138 2089 ὑπὸ
1161 2022 1259 2087 πολ-

66 2150 69 2157 ’
162 2146 236 2210 λῶν
263 2137 341 2228 παρ’
375 2135 498 2218 αὐτοῖς(
526 2140 659 2205 Fabium
687 2138 941 2220 antiquissimum
971 2138 1060 2201 Rom.
1088 2140 1258 2213 auctorem,

163 2279 255 2341 quem
278 2260 315 2319 ut
335 2254 469 2320 vidimus
490 2253 524 2317 in
545 2251 703 2335 legatione
725 2249 904 2315 enarranda
924 2249 1084 2330 sequitur,
1118 2246 1260 2312 indicare

165 2369 242 2434 mihi
264 2366 419 2430 videntur.
462 2364 586 2428 Livium
613 2363 648 2426 in
674 2362 725 2426 his
754 2361 830 2426 belli
857 2361 960 2426 causis
987 2360 1173 2426 enarrandis
1194 2379 1259 2425 nen

165 2481 204 2547 de
233 2477 364 2563 Polybio
393 2476 529 2561 pendere
556 2512 599 2523 —
620 2479 656 2538 ut
677 2473 711 2537 C.
733 2473 826 2538 Peter
847 2473 1007 2538 existimat
1027 2509 1071 2522 —
1092 2471 1126 2537 C.
1148 2471 1259 2538 Boett-

164 2595 241 2662 cher
261 2598 347 2659 reete
368 2590 455 2655 vidit.
504 2585 682 2669 Utrumque
709 2585 831 2649 Livium
863 2590 894 2650 et
919 2585 1084 2670 Polybium
1113 2583 1166 2650 hic
1193 2603 1258 2649 non

163 2714 270 2774 tamen
291 2703 431 2770 Caelium
453 2700 508 2765 sed
529 2698 661 2764 Fabium
683 2716 880 2763 communem
900 2697 1020 2765 fontem
1034 2702 1176 2763 secutum
1191 2715 1259 2762 esse

163 2837 348 2903 persuasum
369 2812 447 2879 mihi
467 2810 578 2876 haheo.

247 2925 364 2989 Fabius
385 2927 469 2986 certe
490 2920 714 3004 gravissimam·
726 2917 942 3002 quaestionem
956 2917 1116 2984 Lutatiine
1130 2917 1259 2983 foedera

164 3061 234 3106 eum
256 3033 466 3102 Hasdrubalis
487 3031 666 3098 foederibus
693 3028 908 3111 comparanda
934 3033 1054 3107 essent,
1089 3048 1185 3112 porro
1215 3048 1258 3094 an

164 3149 330 3236 Saguntini
351 3145 476 3211 foedere
498 3144 620 3227 excepti
642 3146 762 3218 essent,
788 3139 944 3204 disseruit.

247 3257 451 3340 Legationem
479 3254 569 3316 Rom.
599 3251 634 3315 in
664 3249 785 3314 Gallias
806 3249 935 3313 missam
962 3248 1042 3325 (Liv.
1066 3268 1093 3312 o.
1118 3247 1257 3334 19-20)

163 3375 289 3452 praeter
310 3366 433 3431 Livium
455 3364 515 3428 Dio
539 3362 572 3426 C.
595 3361 634 3426 fr.
653 3361 695 3425 56
723 3360 809 3425 solus
830 3361 966 3425 breuiter
987 3361 1136 3425 tractavit
1156 3380 1257 3444 popu·

164 3465 254 3562 lique
270 3498 386 3542 nomen
409 3468 640 3562 Ναρβωνήσιοι
660 3472 799 3551 addidit,
820 3473 867 3538 ita
889 3477 926 3537 ut
948 3472 1000 3538 hic
1022 3492 1147 3556 quoque
1167 3472 1258 3540 Fabii

163 3590 296 3673 vestigia
316 3588 433 3652 videas.

250 3698 461 3779 Quamobrem
481 3717 604 3762 omnem
626 3697 709 3762 hano
729 3696 884 3763 secundae
897 3695 987 3760 Rom.
1003 3695 1169 3779 legationis
1182 3672 1258 3762 har-

162 3814 317 3879 rationem
340 3832 405 3875 non
425 3810 457 3873 in
480 3808 620 3874 Caelium
642 3810 697 3874 sed
718 3810 752 3873 in
773 3808 922 3886 Fabium,
945 3807 1000 3890 qui
1021 3806 1257 3873 scematissime

163 3946 233 3992 eam
255 3922 381 3988 tradere
401 3921 519 4004 potuit,
547 3919 742 3986 referendam
771 3938 839 3984 esse
865 3937 994 3996 cense03
1024 3918 1057 3982 in
1079 3903 1212 3982 Fabium
1234 3917 1256 3981 5

163 4034 339 4116 legatorum
367 4028 495 4094 nomina
522 4028 590 4094 eine
619 4026 856 4111 cognominibus
884 4027 1020 4105 tradita,
1056 4027 1090 4091 in
1121 4025 1255 4092 Fabium
