2858 4612
761 264 809 334 42

236 461 285 526 ius
305 462 426 544 generis
441 463 640 528 orationibus
664 463 782 528 frustra
803 463 919 528 habitis
928 471 956 541 ‚“
986 483 1084 544 quare
1105 469 1241 528 veterem
1263 483 1321 527 an·

236 571 356 637 nalium
387 573 589 640 traditionem
625 575 743 641 Valerii
774 576 909 640 Antiatis
942 575 1064 640 brevius
1097 581 1220 638 secutus
1254 592 1346 636 0000-

235 683 397 767 probatur.

319 795 458 878 Uterque
480 797 586 862 Livius
609 804 639 862 et
662 798 848 863 Plutarchus
869 799 902 875 in
924 798 1013 861 reduc
1028 798 1156 865 urbanis
1172 817 1317 862 enarran-

235 907 283 973 dis
305 909 436 974 eundem
457 910 641 992 scriptorem
664 910 821 975 Valerium
845 911 1004 975 Antiatem
1028 911 1183 992 sequitur,
1214 909 1321 974 Livius

235 1022 406 1087 breviorem
432 1023 466 1086 in
495 1022 638 1100 modum,
670 1023 858 1088 Plutarchus
879 1023 1036 1102 exactius3
1071 1024 1104 1086 in
1131 1022 1321 1086 orationibus

233 1139 338 1197 tamen
361 1134 480 1199 Livium
503 1135 602 1200 multo
624 1134 771 1200 fusiorem
794 1136 1117 1216 abundantioremquc
1137 1155 1232 1215 quam
1248 1133 1322 1197 Plu-

234 1246 379 1310 tarchum
415 1247 606 1325 invenimur,
643 1248 697 1328 qui
733 1247 856 1312 Valerii
886 1247 1022 1310 Antiatis
1056 1245 1185 1328 vestigia
1221 1243 1322 1308 artius

255 1359 354 1422 ressit.

233 1378 254 1439 p
318 1468 358 1532 cf.
381 1468 461 1532 Plut.
484 1468 560 1533 Fab.
584 1469 652 1533 07
702 1467 903 1533 01111122.
929 1466 980 1530 23.
1013 1467 1067 1548 qui
1096 1467 1174 1531 duas
1202 1487 1252 1532 res
1278 1465 1322 1531 ad

232 1578 408 1662 augendam
424 1579 585 1644 dictatoris
601 1579 751 1643 invidiam
773 1599 793 1642 a
815 1578 986 1643 Plutarcho
1008 1579 1108 1643 multo
1129 1579 1321 1643 1110100001-

232 1696 319 1756 ratas
342 1694 514 1772 contraxit3
538 1699 648 1758 contra

316 1802 398 1866 Plut.
420 1802 496 1867 Fab.
516 1802 555 1866 13
598 1802 638 1867 cf.
661 1803 727 1867 Liv.
751 1803 802 1866 22.
827 1801 961 1866 29-30.
985 1802 1142 1866 0101101100
1165 1801 1281 1903 servati
1301 1820 1321 1866 a

231 1912 331 1977 Fabio
352 1911 482 1976 Minucii
504 1908 582 1994 ¹quas
604 1912 709 1976 Livius
731 1913 903 1995 elegantius
925 1913 1094 1991 exornavit.
1169 1903 1174 1919 '
1314 1912 1316 1917 ⁴

316 2025 483 2089 Praeterea
518 2025 680 2089 Livianam
716 2024 939 2106 Plutarchique
977 2024 1178 2088 traditionem
1214 2024 1248 2087 in
1283 2024 1322 2087 iis

233 2137 369 2201 maxime
390 2136 533 2219 partibus
554 2137 729 2201 consentire
750 2135 908 2213 1111011100,
940 2134 1052 2217 quibus
1074 2134 1234 2200 Valerium
1257 2137 1324 2196 An-

233 2249 342 2313 tiatem
363 2248 442 2312 Livii
463 2248 665 2329 praecipuum
690 2252 852 2312 auctorem
874 2246 969 2310 fuisse
991 2245 1190 2310 ostendemus
1213 2245 1265 2324 (cf.
1289 2243 1322 2308 C.

232 2357 324 2421 Peter
346 2355 367 2420 l.
390 2377 416 2419 c.
439 2376 468 2439 p.
485 2355 540 2433 61,
568 2355 622 2437 qui
644 2375 751 2420 omnes
774 2355 860 2419 locos
883 2356 1099 2437 conspirantes
1123 2353 1279 2432 contulit).

318 2468 459 2550 Denique
490 2468 679 2533 Plutarchus
708 2468 868 2533 Valerium
896 2468 1054 2531 Antiatem
1088 2485 1189 2546 neque
1217 2469 1324 2530 tamon

234 2579 374 2644 Caelium
395 2601 495 2662 neque
516 2581 641 2646 Livium
664 2587 787 2645 secutus
808 2600 875 2644 0000
897 2579 978 2644 017
1002 2579 1245 2654 demonstratur,
1266 2575 1323 2640 ubi

238 2687 418 2753 Caelianum
441 2689 521 2753 illud
545 2689 732 2754 Plutarchus
754 2689 932 2770 „diequenti
946 2689 1064 2752 Romae
1084 2687 1118 2749 in
1133 2685 1322 2768 Capitolium

235 2799 353 2865 curabo
381 2801 439 2864 tibi
469 2822 549 2865 cena
580 2802 620 2865 011
649 2806 758 2865 cocta“
789 2821 853 2864 non
873 2796 1088 2862 Maharbalem
1111 2795 1249 2879 (Caelius
1270 2816 1320 2878 ap.

232 2911 311 2976 Gall.
334 2909 371 2974 N.
388 2912 429 2973 A:
451 2913 497 2975 10.
521 2912 572 2975 24.
598 2913 633 2996 6)
656 2913 711 2977 sed
732 2912 866 2977 Baream
888 2909 1042 2993 quendam
1066 2908 1180 2973 dixisse
1201 2913 1320 2972 narrat.

315 3004 426 3104 Itaciue
458 3029 546 3088 recte
575 3024 763 3088 Plutarchus
794 3024 827 3086 in
856 3023 921 3086 vita
952 3019 1041 3085 Fabii
1073 3024 1109 3083 ut
1138 3019 1172 3083 in
1202 3017 1321 3083 Valerii

230 3133 319 3216 Popl.
335 3139 367 3198 et
381 3133 531 3198 Flaminii
548 3133 720 3199 scribendis
735 3133 893 3198 Valerium
910 3135 979 3194 Ant.
996 3130 1197 3213 praecipuum
1210 3133 1320 3193 aucto-

230 3265 297 3310 rem
318 3250 443 3311 secutus
465 3265 532 3311 0000
554 3246 660 3330 oolhgi
680 3249 792 3328 potest.

664 3464 867 3473 —-.-—-—--
