2858 4612
687 237 736 306 44

336 533 429 622 Vll.
490 533 640 619 Livius
669 539 695 620 1.
726 537 837 622 XXI
866 549 908 623 et
938 530 1079 622 XXII.

252 764 493 841 Quaestionibus
524 765 562 831 de
591 766 671 831 Livii
698 766 837 832 fontibus
861 789 924 832 non
945 766 1111 833 defuerunt
1131 768 1186 850 qui
1206 767 1258 831 in·

72 965 74 970 Δ
165 876 370 979 1111111111]

251 990 473 1072 Boettcherus,
510 994 565 1076 qui
594 1015 694 1076 nuper
724 993 762 1058 de
790 993 852 1057 hac
881 1014 914 1058 re
946 992 1067 1075 egregie
1099 990 1221 1055 disseru
1235 997 1280 1066 it,

165 1090 290 1182 omnes,
326 1105 381 1186 qui
408 1105 496 1170 illam
523 1107 557 1171 in
585 1107 799 1189 quaestionem
821 1110 1027 1182 vocaverunt,
1064 1101 1267 1168 enumeravit*

165 1214 260 1288 (Krit.
282 1215 471 1283 Untersuch.
501 1219 552 1284 ub.
583 1219 612 1282 d.
644 1219 701 1296 Qu.
733 1218 786 1283 des
815 1218 920 1282 Livius
946 1218 990 1281 im
1016 1213 1254 1281 211211.

165 1325 315 1391 Fleckeis.
338 1327 405 1394 Ibb.
429 1329 594 1413 bSupplb.
620 1328 701 1392 1869
725 1327 857 1411 1314).
904 1327 1100 1408 Quamquam
1121 1326 1256 1391 multum

168 1456 237 1500 eum
259 1435 428 1519 profecisse
451 1460 508 1521 pro
531 1444 617 1503 certo
639 1437 758 1516 habac,
781 1459 852 1502 cum
875 1437 973 1502 Caelii
995 1441 1112 1501 11111
1133 1435 1257 1520 Polybii

165 1548 296 1631 vestigia
323 1549 357 1612 in
386 1549 517 1614 Liviana
546 1549 728 1614 narratione
757 1547 938 1630 indagaret,
975 1547 1038 1611 iam
1069 1545 1255 1612 Schaeferus

166 1658 290 1743 (Sybels
311 1660 384 1725 11111.
404 1661 524 1725 Ztschr.
548 1661 589 1725 23
610 1683 641 1744 p.
657 1660 735 1738 436>
754 1663 820 1724 'non
842 1665 927 1723 recte
941 1658 1162 1724 Boettcherum
1178 1655 1252 1722 Cae·
1322 1703 1338 1729 ,

166 1770 241 1834 lium
263 1772 391 1836 unicum
413 1772 492 1837 Livii
512 1762 673 1837 auctorem
696 1773 890 1837 existimasse
913 1770 1146 1835 demonstrauit.

227 1968 234 1983 ⁸
252 1983 413 2049 Nissenius
443 1985 497 2049 diu
519 1986 581 2050 iam
603 1987 725 2051 Livium
747 1987 781 2050 in
803 1985 891 2050 libris
914 2005 942 2048 a.
964 2006 993 2048 1.
1018 2005 1043 2048 c.
1067 2004 1257 2067 componen-

168 2095 216 2158 dis
238 2096 390 2160 maximos
413 2118 451 2161 ac
473 2099 652 2163 notissimos
674 2099 821 2176 1111111,
849 2099 903 2180 qui
925 2086 1117 2175 exstiterint,
1139 2097 1258 2161 Valerii

125 2270 129 2277 ,
168 2205 305 2270 Antiatis
326 2208 359 2270 in
380 2228 471 2271 usum
493 2228 620 2273 vocasse
644 2209 789 2286 ostendit,
812 2230 905 2292 super
920 2208 1004 2290 quod
1019 2208 1257 2273 fundamentum

167 2306 397 2384 additamentis*
421 2342 460 2385 ex
487 2321 558 2385 aliis
588 2322 750 2386 annalium
785 2321 988 2405 scriptoribus
1021 2322 1146 2386 insertis
1179 2342 1259 2404 opus

170 2453 259 2497 suum
282 2434 443 2498 exstruxit.
488 2434 687 2518 Quapropter
708 2434 813 2500 Livius
836 2455 959 2516 quoque
983 2455 1103 2498 summa
1126 2434 1260 2518 diligen-

165 2544 212 2607 tia
234 2544 336 2624 gentis
358 2543 502 2608 Valeriae
531 2545 708 2627 triumphos
737 2545 884 2609 uictorias
912 2550 944 2608 et
973 2544 1154 2609 consulatus
1182 2565 1259 2610 enu-

167 2655 315 2731 meravit,
352 2676 420 2719 cum
449 2655 593 2721 Valerius
616 2657 725 2720 Antias
754 2656 855 2740 gentis
878 2677 953 2720 suae
984 2656 1117 2740 gloriam
1144 2677 1260 2741 angero

171 2765 316 2831 studeret.
367 2792 370 2797 ·

250 2875 380 2958 Saepius
402 2875 508 2941 Livius
525 2875 640 2940 Valerii
662 2875 851 2941 dictaturam
874 2896 1068 2959 magnasque
1089 2877 1130 2942 ab
1152 2897 1259 2943 eones

166 2991 270 3071 gestas
291 2986 390 3051 tradit
412 2986 497 3051 etin
515 2987 707 3051 narrationis
726 2985 789 3050 fine
810 2985 916 3063 aliam,
938 3003 1019 3064 quae
1040 3004 1104 3049 non
1126 2985 1260 3051 dictato-

166 3119 234 3163 rem
257 3097 418 3162 Valerium
441 3096 496 3161 sed
519 3098 661 3162 consules
684 3097 760 3161 anni
780 3117 847 3159 rem
868 3096 999 3178 gessisse
1019 3094 1127 3174 tradit,
1147 3096 1260 3161 adiun-

167 3213 214 3295 git
236 3211 291 3295 (cf.
313 3211 379 3275 Lir.
404 3211 432 3274 7.
454 3211 507 3289 42,
532 3213 579 3275 10.
604 3211 648 3285 3).
693 3210 720 3274 Ε
744 3211 779 3287 Q.
802 3208 892 3273 Fabii
913 3208 1061 3286 Pictoris,
1096 3208 1261 3292 Calpurnii

168 3325 309 3402 Pisonis,
332 3323 455 3388 Claudii
478 3323 614 3401 Quada,
644 3323 725 3388 Aelii
746 3320 928 3387 Tuberonis
940 3325 998 3385 etc.
1019 3320 1188 3386 annalibus
1208 3341 1259 3387 res

169 3459 190 3504 a
212 3436 337 3502 Valerio
359 3437 486 3500 Antiate
507 3437 641 3502 traditas
662 3436 799 3519 augebat
819 3439 914 3516 atque
935 3431 1122 3511 exornabat,
1143 3432 1190 3498 ita
1210 3437 1261 3497 ta·

168 3569 240 3614 men
268 3553 305 3612 ut
333 3547 517 3631 plerumque
545 3549 682 3632 primum
710 3568 760 3612 res
789 3568 808 3611 a
830 3545 955 3611 Valerio
978 3544 1106 3608 Antiate
1127 3544 1260 3610 traditas

168 3668 330 3740 narraret,
351 3666 419 3725 tum
441 3660 506 3725 alia
528 3683 567 3726 ex
589 3662 658 3726 aliis
680 3660 812 3726 adderet
832 3663 888 3723 aut
909 3657 1105 3732 emendaret,
1119 3655 1169 3744 cf.
1192 3655 1258 3721 Liv.

69 3789 71 3794 ·
171 3776 220 3839 10.
243 3774 302 3852 31,
337 3773 392 3838 ubi
420 3795 469 3839 res
496 3795 524 3838 a.
547 3773 611 3838 294
637 3777 741 3856 gestas
762 3770 897 3854 primum
920 3790 959 3835 11
979 3762 1100 3834 incerto
1122 3767 1260 3850 quodam

169 3891 298 3953 auctore
318 3886 459 3970 (Valerio
475 3887 651 3971 Antiates),
672 3889 740 3949 tum
762 3882 887 3947 brevius
908 3901 925 3944 1
946 3879 1078 3945 Claudio
1099 3878 1260 3962 Fabioque

167 4002 287 4064 narrat.
