2858 4612
725 231 774 304 32

205 430 247 495 ab
262 428 450 495 Hannibale.
495 429 599 496 Ceteri
621 452 641 496 a
663 433 806 498 Varrone
828 433 953 499 collecti
975 433 1030 515 qui
1050 430 1218 515 imperium
1233 428 1301 494 Sci·

205 542 292 625 pioni
314 535 499 625 (χιλίαρχος)
521 534 622 607 tradit
642 543 839 625 Romamque
860 541 1077 627 proficiscitur.

289 653 369 717 Tota
395 653 488 717 huius
516 674 642 737 pugnae
670 654 841 739 descriptio
868 655 1031 720 annahum
1058 652 1221 737 scriptoris
1242 656 1301 733 est,

206 764 253 829 nil
283 765 364 829 enim
394 763 585 848 Polybianae
615 765 795 831 traditionis
824 767 862 832 de
890 768 958 832 acie
985 767 1096 831 lunata
1124 771 1182 831 etc.
1211 764 1303 830 audi-

206 896 287 941 mus.
331 876 391 941 llla
420 883 810 962 quatuor·strategemata
840 877 1048 956 Hannibalis,
1085 897 1167 958 quae
1195 874 1303 940 omnia

206 993 332 1072 praeter
352 989 483 1054 insidiae
505 990 539 1054 in
559 988 648 1055 Livio
672 1009 796 1071 quoque
817 989 1034 1072 reperiuntur,
1056 987 1208 1052 Romanis
1228 1006 1303 1069 gra·

206 1098 364 1162 vissimam
387 1098 479 1163 huius
501 1098 578 1164 belli
599 1097 722 1163 cladem
744 1098 893 1163 inferunt.

292 1232 318 1276 c.
342 1211 382 1275 27
405 1211 511 1276 clades
532 1211 651 1275 Romae
673 1209 838 1288 nuntiata3
877 1209 912 1286 Q.
937 1210 1054 1276 Fabius
1077 1209 1184 1274 Pictor
1205 1229 1304 1293 „ocy-

205 1318 347 1408 γραφεύς
368 1321 472 1387 τῶνδε
492 1325 558 1386 τῶν
580 1317 700 1408 ἓ’ργων“
722 1321 863 1406 Delphos
884 1321 1015 1399 missua,
1042 1321 1126 1385 8000
1148 1321 1229 1385 servi
1250 1340 1302 1385 ar·

206 1433 303 1512 mati„
339 1432 489 1498 Claudius
510 1432 679 1516 Marcellos
701 1454 774 1498 cum
798 1433 902 1497 10000
923 1453 952 1497 r.
986 1430 1071 1495 2000
1092 1450 1140 1513 eq.
1162 1428 1302 1495 Teanum
1363 1436 1366 1441 '

207 1544 552 1628 contraQHannibalem
575 1547 698 1610 missus,

293 1676 319 1719 c.
342 1655 384 1718 28
412 1655 539 1720 tertiam
568 1654 735 1737 legationis
761 1654 800 1719 de
822 1652 954 1737 captivis
975 1650 1167 1716 redimendis
1187 1650 1302 1715 missae

206 1767 420 1832 narrationem
449 1768 530 1851 App.
559 1767 658 1832 tradit
687 1766 742 1830 On.
771 1764 990 1850 Sempronium
1022 1784 1093 1828 cum
1124 1763 1144 1825 2
1171 1761 1303 1844 captivis

206 1879 340 1944 Romam
362 1879 490 1943 missum
511 1878 658 1963 precibus
680 1879 799 1943 frustra
819 1879 853 1942 in
875 1882 987 1942 senatu
1008 1874 1158 1940 adhibitis
1173 1873 1303 1938 rediisse

154 1990 158 1997 “
207 1988 249 2053 ad
271 1987 492 2066 Hannibalem,
514 1987 765 2070 Hannibalisque
785 1987 819 2051 in
841 1987 982 2070 captivos
1004 1986 1223 2052 crudelitatem
1247 1983 1302 2064 (cf.

194 2096 284 2162 -Zon
308 2096 336 2160 9.
360 2096 380 2161 2
402 2118 434 2180 p.
457 2097 530 2175 201,
552 2096 644 2162 Diod.
667 2095 717 2160 25.
739 2097 808 2182 25).

291 2209 471 2292 Appianum
493 2230 514 2273 a
536 2208 624 2272 Livio
652 2208 783 2292 Polybio
813 2228 983 2290 eorumque
1013 2207 1153 2273 fontibus
1175 2205 1302 2272 Valerio

206 2319 352 2398 Antiate‚
379 2317 504 2398 Caelio,
532 2317 648 2397 Fabio,
677 2317 783 2382 Sileno
804 2339 869 2383 non
890 2318 1026 2402 pendere
1048 2316 1199 2394 vidimus,
1228 2315 1304 2397 quia

206 2429 308 2495 multa
328 2450 430 2509 nova,
466 2450 548 2512 quae
575 2450 592 2496 e
624 2430 798 2514 posteriore
824 2428 987 2495 annalium
1011 2428 1165 2512 scriptore
1186 2427 1303 2505 hausit,

207 2545 240 2606 et
267 2540 369 2605 multa
397 2540 438 2606 ab
467 2540 596 2606 illorum
626 2542 810 2605 narratione
839 2541 1045 2606 abhorrentia
1071 2539 1179 2604 tradit.
1224 2537 1304 2602 For·

207 2657 292 2718 tasse
315 2653 478 2735 Appianus
501 2651 719 2735 Sempronium
743 2653 929 2735 scriptorem
952 2652 1103 2734 sequitur,
1126 2672 1198 2717 cum
1215 2650 1303 2715 Sem-

207 2762 337 2847 pronius
367 2763 486 2827 Romae
517 2767 589 2847 post
622 2761 745 2827 cladem
776 2761 973 2827 Cannensem
1005 2763 1159 2828 mocon.
1191 2767 1303 2843 servet,

207 2873 409 2958 Sempronius
437 2875 655 2941 iusiurandum
677 2873 761 2957 quod
784 2875 956 2940 Hannibali
978 2875 1066 2941 dedit
1087 2882 1249 2943 conservet
1271 2883 1304 2944 et

206 2985 349 3067 captivus
371 2985 412 3050 ad
433 2985 642 3050 Hannibalem
664 2987 787 3065 redeat,
810 2986 885 3052 dum
907 2987 992 3071 apud
1013 2987 1136 3052 Livium
1157 2988 1190 3052 P.
1215 2988 1303 3054 Sem·

206 3095 338 3178 pronius
351 3095 524 3161 Tuditanus
546 3117 617 3160 cum
639 3096 702 3184 600
717 3118 745 3160 v.
762 3096 868 3162 eradit
888 3104 920 3163 et
944 3098 1118 3182 legatorum
1140 3098 1180 3163 de
1202 3099 1303 3183 capti·

206 3204 253 3269 vis
282 3202 472 3269 redimendis
500 3207 665 3271 missorum
693 3209 821 3273 nomina
848 3209 939 3274 valde
966 3211 1100 3276 variant.
1145 3211 1303 3288 Quamob-

206 3335 274 3380 rem
303 3314 437 3380 fortasse
467 3316 519 3381 hic
546 3317 610 3382 iam
638 3318 816 3402 Sempronii
843 3321 1010 3387 Asellionis
1040 3328 1096 3388 aut
1126 3322 1303 3408 Sempronii

207 3423 355 3490 Tuditani
375 3427 507 3509 vestigia
528 3432 610 3493 sunt.
660 3429 698 3493 ln
721 3431 849 3497 Ibericis
872 3432 943 3519 (87)
965 3434 1145 3518 Appianum
1166 3435 1302 3502 Asellio-

208 3557 281 3602 nem
309 3544 449 3603 secutum
478 3559 546 3604 esse
573 3539 611 3604 fr.
635 3539 656 3603 5
686 3542 840 3623 ostendit3
876 3566 893 3610 e
915 3544 953 3609 fr.
979 3547 998 3610 6
1026 3548 1217 3613 Asellionem
1247 3546 1301 3613 diu

208 3646 267 3711 sub
296 3648 330 3712 P.
362 3648 507 3731 Scipione
537 3649 686 3715 Africano
716 3652 750 3715 in
777 3652 931 3737 Hispania
960 3656 1118 3740 stipendia
1149 3656 1302 3723 meruisse

207 3756 317 3840 itaque
337 3778 419 3825 nova
439 3758 480 3825 de
500 3759 672 3844 Hispaniae
692 3760 786 3828 rebus
808 3762 921 3831 afferre
941 3767 1080 3850 potuisse
1103 3765 1252 3832 videmus.
