2858 4612
564 1323 595 1407 r.
655 1324 870 1437 Polybius.
957 1268 960 1273 ’

256 1568 303 1633 De
337 1570 459 1656 Polybii
495 1571 636 1638 fontibus
670 1573 817 1645 disseruit
849 1575 1060 1641 Markhauser
1096 1577 1174 1656 „der
1207 1577 1270 1643 Ge·

171 1678 456 1746 schichtschreiber
491 1682 660 1767 Polybius“
695 1705 726 1767 p.
760 1684 921 1763 luo—77,
963 1685 1018 1750 sed
1054 1708 1107 1752 eos
1142 1693 1268 1753 tantum

170 1790 339 1874 scriptores
361 1794 571 1885 enumeravit,
607 1815 742 1877 quorum
763 1795 892 1860 nomina
913 1795 997 1880 apud
1020 1796 1185 1882 Polybium
1212 1819 1268 1864 ex·
1378 1862 1387 1885 x

170 1907 274 1983 stant3
311 1909 347 1967 ut
368 1908 551 1989 plerumque
572 1911 678 1971 tamen
699 1905 738 1970 fit
759 1906 843 1989 apud
865 1912 985 1973 veteres
1006 1908 1188 1987 historicos,
1221 1910 1267 1975 ita

126 2074 132 2087 ,
169 2014 334 2100 Polybium
358 2037 483 2100 quoque
504 2039 598 2101 saepe
620 2039 672 2083 eos
694 2019 780 2102 ipsos
801 2025 963 2099 auctores,
993 2021 1109 2104 quibus
1130 2022 1267 2101 maxime

168 2146 243 2191 usus
265 2126 320 2204 sit,
345 2147 410 2191 non
431 2127 594 2193 nominare
614 2128 764 2194 uidemus.

252 2238 452 2323 Quapropter
480 2240 544 2305 iam
575 2241 714 2324 singulos
743 2240 848 2319 locos,
882 2241 997 2324 quibus
1017 2247 1164 2310 auctores
1185 2265 1265 2328 quos

168 2352 309 2434 sequitur
331 2352 454 2431 laudat,
481 2353 662 2437 diligentius
684 2353 920 2436 perlustramus.

254 2466 282 2530 1.
325 2465 401 2530 Pon.
427 2467 454 2529 1.
479 2466 520 2529 14
542 2465 581 2530 de
603 2465 697 2550 primi
722 2464 796 2530 belli
818 2465 928 2530 Punici
955 2464 1161 2549 scriptoribus
1189 2468 1264 2535 Phi·

165 2576 232 2642 lino
253 2578 468 2662 Acragantino
497 2581 530 2641 et
557 2576 657 2642 Fabio
684 2575 896 2641 uetustissimo
925 2575 1076 2642 historico
1104 2576 1264 2645 Romano·

165 2710 236 2753 rum
258 2688 416 2772 ldquitur,
455 2708 535 2770 quos
562 2683 662 2767 „coris
682 2682 905 2773 ἐμπειρότατα
929 2688 1106 2767 δοκοῦντας
1131 2686 1267 2780 γράφειν

166 2792 250 2883 ὑπὲρ
272 2800 332 2861 τοῦ
352 2797 524 2880 πολέμου“
546 2798 637 2876 dicit,
665 2796 719 2878 qui
741 2802 849 2861 tamen
870 2796 994 2879 patriae
1016 2816 1123 2862 amore
1145 2798 1266 2865 studio-

166 2926 228 2989 que
249 2906 371 2972 induoti
392 2910 492 2972 multa
513 2905 595 2971 falsa
616 2906 769 2972 historiae
789 2906 994 2984 inseruerint,
1022 2906 1108 2988 quod
1129 2908 1264 2993 exempli

166 3036 262 3081 causa
283 3015 426 3082 Philinus
454 3017 544 3083 initio
573 3016 649 3083 belli
676 3017 845 3083 Hieronem
871 3017 1088 3083 Romanorum
1113 3019 1263 3088 victorem

165 3148 240 3193 mox
262 3149 282 3194 a
303 3128 455 3194 Romanis
474 3112 637 3214 Syracusis
660 3135 877 3215 oppugnatum
898 3135 930 3195 et
951 3130 992 3195 ad
1013 3150 1124 3212 pacem
1145 3131 1264 3198 facien-

165 3240 239 3305 dam
260 3246 405 3307 ooactum
428 3263 495 3309 esse
516 3243 699 3322 tradiderit,
736 3243 853 3308 Fabius
874 3241 1004 3317 liniendi
1031 3241 1108 3308 belli
1135 3263 1262 3309 oausam

164 3350 353 3417 Hamilcaris
376 3352 744 3437 Carthaginiensinmquo
765 3354 800 3419 in
820 3354 923 3438 Eryce
944 3352 1066 3419 cladem
1093 3359 1190 3436 atque
1215 3354 1265 3419 in·

165 3465 269 3548 opiam
300 3464 396 3532 fuisse
425 3467 548 3532 dixerit.
607 3466 754 3534 Ceterum
785 3466 887 3533 fontes
923 3485 1080 3548 nusquam
1107 3466 1140 3530 in
1169 3465 1265 3532 rebus

168 3579 265 3663 gestis
291 3578 376 3643 illius
402 3578 478 3644 belli
506 3579 691 3646 enarrandis
720 3579 879 3657 nominat,
915 3598 1106 3661 quamquam
1135 3577 1169 3642 in
1187 3562 1264 3644 xtoto

163 3689 248 3756 bello
269 3689 448 3756 enarrando
469 3691 618 3776 Polybius
639 3692 772 3758 Fabium
794 3690 1015 3774 Philinumqus
1042 3709 1099 3754 suo
1129 3687 1263 3755 arbitrio

163 3808 291 3868 secutus
312 3823 380 3868 esse
402 3803 524 3868 ostendi
545 3809 658 3888 potest.
773 3805 786 3825 “’

250 3917 281 3982 2.
325 3916 400 3981 Pon.
425 3917 453 3983 1.
476 3915 570 3982 65.9
602 3918 799 4004 συγγραφεῖς
819 3914 979 3994 nominat,
1015 3912 1200 3996 intorques
1223 3913 1262 3980 de

163 4030 240 4097 belli
254 4028 365 4095 Punici
379 4028 507 4095 secundi
522 4030 626 4096 causis
647 4027 836 4113 disceptatio
858 4027 910 4107 sit,
932 4024 1136 4111 quamobrem
1150 4031 1262 4110 postea
