2858 4612
715 245 765 319 54

77 480 84 485 ·
189 448 373 514 invenimus.
417 447 541 514 Caelius
568 447 602 512 in
630 448 724 514 robus
753 447 875 514 bellicis
903 447 1089 513 enarrandis
1119 446 1287 529 Carthagi·

189 559 330 625 niensem
353 564 384 624 et
405 559 580 624 Romanam
602 560 804 625 traditionem
826 560 1067 640 contaminavit,
1093 559 1199 624 Livius
1221 559 1287 624 eius

190 671 340 737 historias
360 672 512 754 sequitur.

279 786 311 864 1)
334 782 609 867 Carthaginienses
630 784 842 851 narrationes:

277 902 311 978 a)
332 898 366 962 in
389 898 594 963 describendo
621 899 709 965 urbis
731 898 794 963 situ
814 897 920 965 Livius
942 918 1013 962 cum
1034 896 1165 980 Polybio
1186 895 1289 961 Zona-

191 1009 477 1091 raque'consentit.

320 1118 386 1184 Liv.
409 1118 503 1182 21.7
569 1118 609 1184 of.
631 1119 697 1185 Pol.
721 1119 750 1183 3.
777 1119 826 1183 17.
849 1118 931 1184 201.
955 1119 1029 1184 Zom
1053 1117 1081 1180 8.
1107 1118 1148 1181 21
1171 1138 1201 1200 p.
1227 1118 1288 1182 176

340 1229 485 1296 eCaeho
687 1231 830 1296 eSileno
930 1314 936 1329 Ι
1058 1229 1227 1296 eCaeho?

276 1341 313 1425 b)
334 1342 368 1406 in
391 1341 609 1423 distribuenda
630 1343 750 1425 praeda
771 1347 866 1426 capta
887 1348 1019 1424 uterque
1033 1342 1172 1407 Silenum
1188 1341 1289 1424 sequi-

191 1451 332 1517 tur·Liv.
355 1453 406 1516 21.
434 1451 472 1515 15
494 1452 535 1517 of.
558 1452 624 1516 Pol.
647 1452 676 1516 3.
701 1452 750 1516 17.
776 1454 824 1517 10.
874 1451 997 1518 Caelius
1016 1452 1163 1534 idemque
1182 1452 1289 1518 Livius

192 1561 266 1626 huic
289 1562 545 1647 Carthaginiensi
566 1564 714 1630 relationi
734 1564 910 1629 Romanam
933 1565 1095 1629 coniunxit
1116 1565 1289 1647 „primores

193 1680 358 1757 argentum
387 1697 562 1759 aurumque
592 1697 683 1740 omne
713 1697 730 1740 e
757 1675 884 1758 publico
912 1675 1097 1758 privatoque
1123 1675 1156 1740 in
1185 1674 1289 1739 forum

192 1783 344 1849 collatum
366 1786 399 1850 in
421 1787 525 1870 ignem
547 1786 738 1852 conicientes
759 1786 868 1851 eodem
896 1785 1063 1868 plerosque
1087 1785 1290 1868 semetipsos

192 1897 452 1979 praecipitasse,“
479 1917 560 1978 quas
582 1902 617 1960 ut
637 1895 774 1960 vidimus
794 1895 849 1977 (of.
872 1916 902 1977 p.
926 1895 982 1976 24)
1005 1894 1123 1960 Fabius
1145 1895 1288 1960 tradidit.

276 2007 444 2073 Praeterea
458 2008 565 2074 Livius
586 2007 688 2072 multa
709 2007 743 2071 in
765 2006 852 2071 urbis
875 1992 1108 2088 oppugnatione
1129 2005 1289 2070 narranda

193 2116 294 2181 multo
316 2117 497 2200 diligentius
519 2139 614 2201 quam
636 2116 784 2201 Polybius
804 2115 924 2194 tradit,
956 2136 1039 2198 quae
1059 2120 1144 2181 uerte
1166 2114 1289 2180 Caelius

193 2228 338 2295 eSileno
361 2229 612 2313 Carthaginiensi
634 2229 722 2294 fonte
745 2227 860 2293 hausit.

717 2416 770 2482 VI.

279 2574 306 2618 o.
332 2555 371 2617 15
400 2554 505 2628 Livius
535 2553 692 2636 seipsum
714 2559 772 2618 ant
792 2551 895 2617 fontes
918 2572 992 2617 suos
1013 2552 1143 2636 corrigit
1163 2557 1196 2618 et
1216 2574 1294 2618 nar-

192 2665 366 2744 rationem,
395 2687 491 2748 quam
513 2665 635 2730 duobus
659 2687 676 2730 e
698 2664 903 2748 scriptoribus
925 2666 1168 2744 contaminarit,
1201 2665 1293 2730 chro-

192 2775 345 2858 nologicis
375 2775 533 2840 erroribus
562 2774 697 2839 liberare
725 2773 838 2839 studet.
896 2772 1006 2838 Plures
1035 2776 1235 2841 narrationes
1264 2777 1293 2841 ei

192 2887 372 2970 propositas
401 2908 469 2953 asso
497 2888 602 2953 verbis
629 2886 779 2969 „quidam
806 2885 979 2969 seripsere“
1007 2887 1126 2968 elucet,
1160 2893 1292 2968 „octavo

194 3006 321 3065 mense“
343 3006 402 3065 sto.

278 3106 379 3192 Quam
401 3111 499 3178 Caehi
520 3111 735 3177 narrationem
757 3110 864 3176 Livius
884 3111 919 3175 in
940 3112 1058 3177 Valerii
1075 3112 1213 3178 Antiatis
1235 3136 1293 3179 an-

193 3221 282 3288 nales
303 3222 544 3287 fundamentum
566 3221 718 3288 librorum
740 3239 769 3283 a.
789 3241 820 3282 u.
844 3239 871 3284 o.
894 3225 968 3304 apte
989 3222 1127 3296 inserere
1149 3243 1214 3288 non
1235 3245 1293 3307 po-

193 3335 271 3415 tuit,
309 3356 380 3400 cum
403 3334 547 3400 Valerius
569 3311 680 3396 A'ntias
702 3332 878 3414 oppugnari
906 3340 1051 3416 coeptum
1080 3356 1149 3401 esse
1170 3336 1293 3420 Sagun·
1361 3346 1365 3351 “

192 3450 261 3510 tum
282 3465 312 3510 a.
334 3443 397 3508 218
419 3429 610 3507 tradidisset.
660 3441 766 3505 Livius
794 3439 827 3504 id
855 3439 924 3506 fieri
945 3464 1010 3507 non
1038 3447 1180 3527 potuisse
1203 3447 1292 3526 vidit,

193 3578 258 3623 non
287 3563 394 3622 tamen
424 3556 505 3621 alias
527 3554 618 3618 illum
640 3553 757 3618 nodum
778 3552 925 3635 expedire
945 3558 1050 3638 potuit
1071 3579 1167 3640 quam
1188 3560 1292 3625 verbis

194 3673 271 3746 „aut
299 3667 406 3732 onmia
434 3665 579 3730 breviora
606 3663 771 3745 aliquanto
792 3663 880 3728 fuere
901 3672 957 3732 aut
979 3667 1153 3752 Saguntum
1174 3671 1292 3752 prinoi-

194 3772 247 3861 pio'
270 3800 299 3842 a.
315 3777 377 3841 218
400 3795 465 3840 non
487 3779 632 3856 coeptum
656 3774 831 3857 oppugnari
853 3781 901 3840 est
921 3776 976 3841 sed
997 3783 1154 3859 eaptum‚“
1176 3781 1291 3862 quibus

195 3907 326 3970 parvam
348 3887 382 3950 in
404 3885 569 3951 historiam
590 3884 811 3966 inquirendam
832 3886 1025 3970 diligentiam
1048 3889 1194 3955 ostendit.
