<?xml version="1.0" encoding="UTF-8"?>
<!DOCTYPE html PUBLIC "-//W3C//DTD XHTML 1.0 Transitional//EN"
    "http://www.w3.org/TR/xhtml1/DTD/xhtml1-transitional.dtd">
<html xmlns="http://www.w3.org/1999/xhtml" xml:lang="en" lang="en">
 <head>
  <title>
</title>
<meta http-equiv="Content-Type" content="text/html;charset=utf-8" />
  <meta name='ocr-system' content='tesseract 3.04.00' />
  <meta name='ocr-capabilities' content='ocr_page ocr_carea ocr_par ocr_line ocrx_word'/>
</head>
<body>
  <div class='ocr_page' id='page_1' title='image "./quaeriturundebe00vollgoog_0060.png"; bbox 0 0 2858 4612; ppageno 0'>
   <div class='ocr_carea' id='block_1_1' title="bbox 692 178 740 250">
    <p class='ocr_par' dir='ltr' id='par_1_1' title="bbox 692 178 740 250">
     <span class='ocr_line' id='line_1_1' title="bbox 692 178 740 250; baseline -0.021 0"><span class='ocrx_word' id='word_1_1' title='bbox 692 178 740 250; x_wconf 82' lang='lat'>55</span> 
     </span>
    </p>
   </div>
   <div class='ocr_carea' id='block_1_2' title="bbox 165 373 1262 685">
    <p class='ocr_par' dir='ltr' id='par_1_2' title="bbox 165 373 1262 685">
     <span class='ocr_line' id='line_1_2' title="bbox 251 373 1261 459; baseline 0.012 -22"><span class='ocrx_word' id='word_1_2' title='bbox 251 373 372 438; x_wconf 84' lang='lat' dir='ltr'>Livium</span> <span class='ocrx_word' id='word_1_3' title='bbox 395 375 559 459; x_wconf 83' lang='lat' dir='ltr'>Polybium</span> <span class='ocrx_word' id='word_1_4' title='bbox 581 377 614 441; x_wconf 89' lang='lat' dir='ltr'>in</span> <span class='ocrx_word' id='word_1_5' title='bbox 637 399 728 443; x_wconf 92' lang='lat' dir='ltr'>usum</span> <span class='ocrx_word' id='word_1_6' title='bbox 750 399 815 444; x_wconf 92' lang='lat' dir='ltr'>non</span> <span class='ocrx_word' id='word_1_7' title='bbox 836 401 964 446; x_wconf 83' lang='lat' dir='ltr'>vocasse</span> <span class='ocrx_word' id='word_1_8' title='bbox 986 380 1138 448; x_wconf 87' lang='lat' dir='ltr'>hocloco</span> <span class='ocrx_word' id='word_1_9' title='bbox 1161 386 1261 449; x_wconf 83' lang='lat' dir='ltr'>maxi-</span> 
     </span>
     <span class='ocr_line' id='line_1_3' title="bbox 165 488 1261 575; baseline 0.009 -24"><span class='ocrx_word' id='word_1_10' title='bbox 165 509 216 553; x_wconf 85' lang='lat' dir='ltr'>me</span> <span class='ocrx_word' id='word_1_11' title='bbox 236 488 386 566; x_wconf 70' lang='lat' dir='ltr'>videmus</span> <span class='ocrx_word' id='word_1_12' title='bbox 409 510 480 553; x_wconf 90' lang='lat' dir='ltr'>cum</span> <span class='ocrx_word' id='word_1_13' title='bbox 502 489 608 554; x_wconf 86' lang='lat' dir='ltr'>Livius</span> <span class='ocrx_word' id='word_1_14' title='bbox 623 490 753 575; x_wconf 81' lang='lat' dir='ltr'>Polybio</span> <span class='ocrx_word' id='word_1_15' title='bbox 775 493 917 575; x_wconf 88' lang='lat' dir='ltr'>inspecto</span> <span class='ocrx_word' id='word_1_16' title='bbox 940 515 1077 559; x_wconf 89' lang='lat' dir='ltr'>errorem</span> <span class='ocrx_word' id='word_1_17' title='bbox 1100 496 1193 562; x_wconf 89' lang='lat' dir='ltr'>facile</span> <span class='ocrx_word' id='word_1_18' title='bbox 1213 499 1261 562; x_wconf 92' lang='lat' dir='ltr'>in-</span> 
     </span>
     <span class='ocr_line' id='line_1_4' title="bbox 166 601 1262 685; baseline 0.005 -18"><span class='ocrx_word' id='word_1_19' title='bbox 166 602 346 668; x_wconf 86' lang='lat' dir='ltr'>tellexisset.</span> <span class='ocrx_word' id='word_1_20' title='bbox 398 601 568 685; x_wconf 83' lang='lat' dir='ltr'><strong>Egregium</strong></span> <span class='ocrx_word' id='word_1_21' title='bbox 597 601 818 668; x_wconf 74' lang='lat' dir='ltr'>documentum</span> <span class='ocrx_word' id='word_1_22' title='bbox 847 604 969 671; x_wconf 88' lang='lat' dir='ltr'>Livium</span> <span class='ocrx_word' id='word_1_23' title='bbox 999 612 1124 672; x_wconf 93' lang='lat' dir='ltr'>tantum</span> <span class='ocrx_word' id='word_1_24' title='bbox 1146 608 1262 673; x_wconf 87' lang='lat' dir='ltr'>Roma-</span> 
     </span>
    </p>
   </div>
   <div class='ocr_carea' id='block_1_3' title="bbox 166 713 1262 905">
    <p class='ocr_par' dir='ltr' id='par_1_3' title="bbox 166 713 1262 905">
     <span class='ocr_line' id='line_1_5' title="bbox 166 713 1262 796; baseline 0.006 -18"><span class='ocrx_word' id='word_1_25' title='bbox 166 734 225 778; x_wconf 92' lang='lat' dir='ltr'>nos</span> <span class='ocrx_word' id='word_1_26' title='bbox 258 713 428 778; x_wconf 90' lang='lat' dir='ltr'>nonnullos</span> <span class='ocrx_word' id='word_1_27' title='bbox 458 714 625 796; x_wconf 70' lang='lat' dir='ltr'>scriptores</span> <span class='ocrx_word' id='word_1_28' title='bbox 653 715 687 779; x_wconf 89' lang='lat' dir='ltr'>in</span> <span class='ocrx_word' id='word_1_29' title='bbox 715 736 807 780; x_wconf 90' lang='lat' dir='ltr'>usum</span> <span class='ocrx_word' id='word_1_30' title='bbox 838 737 966 783; x_wconf 87' lang='lat' dir='ltr'>vocasse</span> <span class='ocrx_word' id='word_1_31' title='bbox 989 717 1140 785; x_wconf 90' lang='lat' dir='ltr'>habemus</span> <span class='ocrx_word' id='word_1_32' title='bbox 1163 719 1262 787; x_wconf 78' lang='lat' dir='ltr'>(laelii</span> 
     </span>
     <span class='ocr_line' id='line_1_6' title="bbox 166 822 910 905; baseline 0.001 -17"><span class='ocrx_word' id='word_1_33' title='bbox 166 822 315 888; x_wconf 79' lang='lat' dir='ltr'>historias</span> <span class='ocrx_word' id='word_1_34' title='bbox 336 843 362 886; x_wconf 92' lang='lat' dir='ltr'>c.</span> <span class='ocrx_word' id='word_1_35' title='bbox 390 822 481 901; x_wconf 84' lang='lat' dir='ltr'>l-5,</span> <span class='ocrx_word' id='word_1_36' title='bbox 502 844 530 888; x_wconf 87' lang='lat' dir='ltr'>c.</span> <span class='ocrx_word' id='word_1_37' title='bbox 553 823 636 886; x_wconf 80' lang='grc'>7-9</span> <span class='ocrx_word' id='word_1_38' title='bbox 658 846 699 889; x_wconf 87' lang='lat' dir='ltr'>m.</span> <span class='ocrx_word' id='word_1_39' title='bbox 722 845 749 888; x_wconf 82' lang='lat' dir='ltr'>o.</span> <span class='ocrx_word' id='word_1_40' title='bbox 775 823 910 905; x_wconf 83' lang='grc'><strong>11-15,</strong></span> 
     </span>
    </p>
   </div>
   <div class='ocr_carea' id='block_1_4' title="bbox 251 932 1090 1017">
    <p class='ocr_par' dir='ltr' id='par_1_4' title="bbox 251 932 1090 1017">
     <span class='ocr_line' id='line_1_7' title="bbox 251 932 1090 1017; baseline 0.004 -18"><span class='ocrx_word' id='word_1_41' title='bbox 251 932 370 999; x_wconf 88' lang='lat' dir='ltr'>Valerii</span> <span class='ocrx_word' id='word_1_42' title='bbox 391 934 528 1000; x_wconf 78' lang='lat' dir='ltr'>Antiatis</span> <span class='ocrx_word' id='word_1_43' title='bbox 549 935 682 1000; x_wconf 85' lang='lat' dir='ltr'>annales</span> <span class='ocrx_word' id='word_1_44' title='bbox 703 956 729 1001; x_wconf 84' lang='lat' dir='ltr'>u.</span> <span class='ocrx_word' id='word_1_45' title='bbox 752 936 783 1015; x_wconf 86' lang='grc'>6,</span> <span class='ocrx_word' id='word_1_46' title='bbox 804 956 830 1002; x_wconf 84' lang='lat' dir='ltr'>o.</span> <span class='ocrx_word' id='word_1_47' title='bbox 854 938 969 1017; x_wconf 86' lang='grc'><strong>9-11,</strong></span> <span class='ocrx_word' id='word_1_48' title='bbox 992 959 1019 1004; x_wconf 89' lang='lat' dir='ltr'>c.</span> <span class='ocrx_word' id='word_1_49' title='bbox 1040 938 1090 1003; x_wconf 87' lang='lat'>16.</span> 
     </span>
    </p>
   </div>
   <div class='ocr_carea' id='block_1_5' title="bbox 576 1299 847 1367">
    <p class='ocr_par' dir='ltr' id='par_1_5' title="bbox 576 1299 847 1367">
     <span class='ocr_line' id='line_1_8' title="bbox 576 1299 847 1367; baseline 0.011 -3"><span class='ocrx_word' id='word_1_50' title='bbox 576 1299 616 1365; x_wconf 93' lang='grc' dir='ltr'>Π.</span> <span class='ocrx_word' id='word_1_51' title='bbox 660 1322 687 1366; x_wconf 88' lang='lat' dir='ltr'>c.</span> <span class='ocrx_word' id='word_1_52' title='bbox 713 1301 847 1367; x_wconf 77' lang='lat'>17-38.</span> 
     </span>
    </p>
   </div>
   <div class='ocr_carea' id='block_1_6' title="bbox 167 1442 1262 1694">
    <p class='ocr_par' dir='ltr' id='par_1_6' title="bbox 167 1442 1262 1694">
     <span class='ocr_line' id='line_1_9' title="bbox 167 1442 1262 1553; baseline 0.005 -28"><span class='ocrx_word' id='word_1_53' title='bbox 167 1443 403 1526; x_wconf 89' lang='lat' dir='ltr'>Primordia</span> <span class='ocrx_word' id='word_1_54' title='bbox 418 1443 517 1524; x_wconf 89' lang='lat' dir='ltr'>belli</span> <span class='ocrx_word' id='word_1_55' title='bbox 537 1470 670 1553; x_wconf 91' lang='lat' dir='ltr'>usque</span> <span class='ocrx_word' id='word_1_56' title='bbox 689 1445 744 1526; x_wconf 92' lang='lat' dir='ltr'>ad</span> <span class='ocrx_word' id='word_1_57' title='bbox 760 1442 1015 1527; x_wconf 84' lang='lat' dir='ltr'>Hannibalis</span> <span class='ocrx_word' id='word_1_58' title='bbox 1032 1449 1262 1531; x_wconf 89' lang='lat' dir='ltr'>adventum</span> 
     </span>
     <span class='ocr_line' id='line_1_10' title="bbox 525 1584 913 1694; baseline 0.015 -29"><span class='ocrx_word' id='word_1_59' title='bbox 525 1587 569 1666; x_wconf 92' lang='lat' dir='ltr'>in</span> <span class='ocrx_word' id='word_1_60' title='bbox 594 1584 702 1667; x_wconf 90' lang='lat' dir='ltr'>Padi</span> <span class='ocrx_word' id='word_1_61' title='bbox 732 1614 913 1694; x_wconf 82' lang='lat' dir='ltr'>campos</span> 
     </span>
    </p>
   </div>
   <div class='ocr_carea' id='block_1_7' title="bbox 699 1801 724 1866">
    <p class='ocr_par' dir='ltr' id='par_1_7' title="bbox 699 1801 724 1866">
     <span class='ocr_line' id='line_1_11' title="bbox 699 1801 724 1866; baseline 0.04 -1"><span class='ocrx_word' id='word_1_62' title='bbox 699 1801 724 1866; x_wconf 91' lang='lat'>1.</span> 
     </span>
    </p>
   </div>
   <div class='ocr_carea' id='block_1_8' title="bbox 164 1940 1263 2690">
    <p class='ocr_par' dir='ltr' id='par_1_8' title="bbox 251 1940 897 2024">
     <span class='ocr_line' id='line_1_12' title="bbox 251 1940 897 2024; baseline -0.003 -16"><span class='ocrx_word' id='word_1_63' title='bbox 251 1964 278 2008; x_wconf 90' lang='lat' dir='ltr'>c.</span> <span class='ocrx_word' id='word_1_64' title='bbox 303 1941 341 2004; x_wconf 86' lang='lat' dir='ltr'>ll</span> <span class='ocrx_word' id='word_1_65' title='bbox 365 1941 474 2024; x_wconf 84' lang='lat' dir='ltr'>copias</span> <span class='ocrx_word' id='word_1_66' title='bbox 495 1940 657 2005; x_wconf 86' lang='lat' dir='ltr'>Romanae</span> <span class='ocrx_word' id='word_1_67' title='bbox 678 1940 897 2023; x_wconf 89' lang='lat' dir='ltr'>disponuntur.</span> 
     </span>
    </p>

    <p class='ocr_par' dir='ltr' id='par_1_9' title="bbox 164 2049 1263 2690">
     <span class='ocr_line' id='line_1_13' title="bbox 251 2049 1263 2134; baseline -0.002 -16"><span class='ocrx_word' id='word_1_68' title='bbox 251 2053 290 2119; x_wconf 88' lang='lat' dir='ltr'>In</span> <span class='ocrx_word' id='word_1_69' title='bbox 310 2051 466 2117; x_wconf 84' lang='lat' dir='ltr'>Graecum</span> <span class='ocrx_word' id='word_1_70' title='bbox 487 2049 608 2115; x_wconf 87' lang='lat' dir='ltr'>fontem</span> <span class='ocrx_word' id='word_1_71' title='bbox 628 2050 763 2115; x_wconf 86' lang='lat' dir='ltr'>Fabium</span> <span class='ocrx_word' id='word_1_72' title='bbox 785 2050 943 2115; x_wconf 89' lang='lat' dir='ltr'>Pictorem</span> <span class='ocrx_word' id='word_1_73' title='bbox 964 2050 1060 2115; x_wconf 86' lang='lat' dir='ltr'>verba</span> <span class='ocrx_word' id='word_1_74' title='bbox 1089 2051 1263 2134; x_wconf 87' lang='lat' dir='ltr'>„quinque-</span> 
     </span>
     <span class='ocr_line' id='line_1_14' title="bbox 165 2154 1263 2246; baseline -0.001 -18"><span class='ocrx_word' id='word_1_75' title='bbox 165 2169 285 2229; x_wconf 89' lang='lat' dir='ltr'>remes“</span> <span class='ocrx_word' id='word_1_76' title='bbox 307 2154 520 2246; x_wconf 75' lang='grc' dir='ltr'>(πεντήρεις),</span> <span class='ocrx_word' id='word_1_77' title='bbox 542 2161 663 2225; x_wconf 85' lang='lat' dir='ltr'>celoces</span> <span class='ocrx_word' id='word_1_78' title='bbox 685 2158 847 2244; x_wconf 79' lang='grc' dir='ltr'>(λέμβοι),</span> <span class='ocrx_word' id='word_1_79' title='bbox 870 2160 980 2243; x_wconf 87' lang='lat' dir='ltr'>copiae</span> <span class='ocrx_word' id='word_1_80' title='bbox 1001 2160 1141 2243; x_wconf 89' lang='lat' dir='ltr'>peditum</span> <span class='ocrx_word' id='word_1_81' title='bbox 1164 2163 1263 2227; x_wconf 88' lang='lat' dir='ltr'>socio-</span> 
     </span>
     <span class='ocr_line' id='line_1_15' title="bbox 166 2268 1263 2353; baseline -0.002 -17"><span class='ocrx_word' id='word_1_82' title='bbox 166 2292 298 2353; x_wconf 86' lang='lat' dir='ltr'><strong>rumque</strong></span> <span class='ocrx_word' id='word_1_83' title='bbox 319 2270 439 2335; x_wconf 92' lang='lat' dir='ltr'>nonin</span> <span class='ocrx_word' id='word_1_84' title='bbox 460 2269 528 2335; x_wconf 88' lang='lat' dir='ltr'>alas</span> <span class='ocrx_word' id='word_1_85' title='bbox 551 2268 759 2352; x_wconf 86' lang='lat' dir='ltr'>cohortesque</span> <span class='ocrx_word' id='word_1_86' title='bbox 781 2269 899 2352; x_wconf 78' lang='lat' dir='ltr'>divisae</span> <span class='ocrx_word' id='word_1_87' title='bbox 915 2269 1141 2335; x_wconf 89' lang='lat' dir='ltr'>demonstrant.</span> <span class='ocrx_word' id='word_1_88' title='bbox 1184 2268 1263 2334; x_wconf 87' lang='lat' dir='ltr'>For-</span> 
     </span>
     <span class='ocr_line' id='line_1_16' title="bbox 165 2381 1263 2463; baseline -0.001 -15"><span class='ocrx_word' id='word_1_89' title='bbox 165 2390 249 2448; x_wconf 81' lang='lat' dir='ltr'>tasse</span> <span class='ocrx_word' id='word_1_90' title='bbox 270 2384 321 2448; x_wconf 91' lang='lat' dir='ltr'>hic</span> <span class='ocrx_word' id='word_1_91' title='bbox 341 2383 405 2446; x_wconf 89' lang='lat' dir='ltr'>iam</span> <span class='ocrx_word' id='word_1_92' title='bbox 426 2381 517 2446; x_wconf 88' lang='lat' dir='ltr'>Fabii</span> <span class='ocrx_word' id='word_1_93' title='bbox 531 2382 664 2446; x_wconf 88' lang='lat' dir='ltr'>Pictoris</span> <span class='ocrx_word' id='word_1_94' title='bbox 684 2381 822 2446; x_wconf 88' lang='lat' dir='ltr'>auctoris</span> <span class='ocrx_word' id='word_1_95' title='bbox 838 2381 1060 2462; x_wconf 86' lang='lat' dir='ltr'>antiquissimi,</span> <span class='ocrx_word' id='word_1_96' title='bbox 1082 2402 1174 2463; x_wconf 86' lang='lat' dir='ltr'>quom</span> <span class='ocrx_word' id='word_1_97' title='bbox 1190 2382 1263 2447; x_wconf 88' lang='lat' dir='ltr'>Nis-</span> 
     </span>
     <span class='ocr_line' id='line_1_17' title="bbox 165 2492 1261 2577; baseline -0.002 -17"><span class='ocrx_word' id='word_1_98' title='bbox 165 2496 269 2561; x_wconf 89' lang='lat' dir='ltr'>senius</span> <span class='ocrx_word' id='word_1_99' title='bbox 290 2494 370 2559; x_wconf 87' lang='lat' dir='ltr'>Livii</span> <span class='ocrx_word' id='word_1_100' title='bbox 389 2495 424 2559; x_wconf 88' lang='lat' dir='ltr'>in</span> <span class='ocrx_word' id='word_1_101' title='bbox 446 2514 552 2577; x_wconf 86' lang='lat' dir='ltr'>pugna</span> <span class='ocrx_word' id='word_1_102' title='bbox 573 2493 615 2558; x_wconf 94' lang='lat' dir='ltr'>ad</span> <span class='ocrx_word' id='word_1_103' title='bbox 636 2493 658 2557; x_wconf 90' lang='lat' dir='ltr'>l.</span> <span class='ocrx_word' id='word_1_104' title='bbox 681 2492 896 2558; x_wconf 86' lang='lat' dir='ltr'>Trasimenum</span> <span class='ocrx_word' id='word_1_105' title='bbox 921 2494 1087 2560; x_wconf 89' lang='lat' dir='ltr'>commissa</span> <span class='ocrx_word' id='word_1_106' title='bbox 1109 2514 1261 2560; x_wconf 89' lang='lat' dir='ltr'>enarran-</span> 
     </span>
     <span class='ocr_line' id='line_1_18' title="bbox 164 2603 1044 2690; baseline -0.001 -22"><span class='ocrx_word' id='word_1_107' title='bbox 164 2604 206 2668; x_wconf 88' lang='lat' dir='ltr'>da</span> <span class='ocrx_word' id='word_1_108' title='bbox 226 2608 388 2669; x_wconf 86' lang='lat' dir='ltr'>auctorem</span> <span class='ocrx_word' id='word_1_109' title='bbox 410 2604 507 2669; x_wconf 83' lang='lat' dir='ltr'>fuisse</span> <span class='ocrx_word' id='word_1_110' title='bbox 529 2603 757 2670; x_wconf 80' lang='lat' dir='ltr'>demonstravit</span> <span class='ocrx_word' id='word_1_111' title='bbox 778 2604 882 2690; x_wconf 87' lang='lat' dir='ltr'>detegi</span> <span class='ocrx_word' id='word_1_112' title='bbox 903 2611 1044 2688; x_wconf 88' lang='lat' dir='ltr'>possunt.</span> 
     </span>
    </p>
   </div>
   <div class='ocr_carea' id='block_1_9' title="bbox 693 2793 734 2858">
    <p class='ocr_par' dir='ltr' id='par_1_10' title="bbox 693 2793 734 2858">
     <span class='ocr_line' id='line_1_19' title="bbox 693 2793 734 2858; baseline 0 0"><span class='ocrx_word' id='word_1_113' title='bbox 693 2793 734 2858; x_wconf 67' lang='grc' dir='ltr'>Π.</span> 
     </span>
    </p>
   </div>
   <div class='ocr_carea' id='block_1_10' title="bbox 162 2930 1261 3673">
    <p class='ocr_par' dir='ltr' id='par_1_11' title="bbox 162 2930 1261 3673">
     <span class='ocr_line' id='line_1_20' title="bbox 248 2930 1261 3001; baseline -0.004 0"><span class='ocrx_word' id='word_1_114' title='bbox 248 2957 276 3001; x_wconf 89' lang='lat' dir='ltr'>c.</span> <span class='ocrx_word' id='word_1_115' title='bbox 301 2933 427 2999; x_wconf 82' lang='lat'>18-20</span> <span class='ocrx_word' id='word_1_116' title='bbox 455 2932 561 2998; x_wconf 79' lang='lat' dir='ltr'>Livius</span> <span class='ocrx_word' id='word_1_117' title='bbox 589 2930 726 2998; x_wconf 82' lang='lat' dir='ltr'>breviter</span> <span class='ocrx_word' id='word_1_118' title='bbox 754 2930 810 2996; x_wconf 89' lang='lat' dir='ltr'>sed</span> <span class='ocrx_word' id='word_1_119' title='bbox 837 2935 984 2997; x_wconf 85' lang='lat' dir='ltr'>accurate</span> <span class='ocrx_word' id='word_1_120' title='bbox 1006 2931 1175 2998; x_wconf 89' lang='lat' dir='ltr'>secundam</span> <span class='ocrx_word' id='word_1_121' title='bbox 1197 2933 1261 2997; x_wconf 90' lang='lat' dir='ltr'>Ro·</span> 
     </span>
     <span class='ocr_line' id='line_1_21' title="bbox 163 3042 1260 3128; baseline -0.003 -15"><span class='ocrx_word' id='word_1_122' title='bbox 163 3068 290 3113; x_wconf 89' lang='lat' dir='ltr'>manam</span> <span class='ocrx_word' id='word_1_123' title='bbox 322 3043 512 3128; x_wconf 85' lang='lat' dir='ltr'>legationem</span> <span class='ocrx_word' id='word_1_124' title='bbox 542 3042 766 3128; x_wconf 85' lang='lat' dir='ltr'>Carthaginem</span> <span class='ocrx_word' id='word_1_125' title='bbox 796 3043 924 3109; x_wconf 89' lang='lat' dir='ltr'>missam</span> <span class='ocrx_word' id='word_1_126' title='bbox 954 3048 1080 3122; x_wconf 88' lang='lat' dir='ltr'>narrat,</span> <span class='ocrx_word' id='word_1_127' title='bbox 1117 3064 1197 3126; x_wconf 88' lang='lat' dir='ltr'>quae</span> <span class='ocrx_word' id='word_1_128' title='bbox 1225 3045 1260 3111; x_wconf 93' lang='lat' dir='ltr'>in</span> 
     </span>
     <span class='ocr_line' id='line_1_22' title="bbox 164 3156 1260 3244; baseline -0.002 -19"><span class='ocrx_word' id='word_1_129' title='bbox 164 3162 314 3244; x_wconf 88' lang='lat' dir='ltr'>optimam</span> <span class='ocrx_word' id='word_1_130' title='bbox 341 3163 478 3223; x_wconf 86' lang='lat' dir='ltr'>veterem</span> <span class='ocrx_word' id='word_1_131' title='bbox 507 3156 669 3222; x_wconf 91' lang='lat' dir='ltr'>annalium</span> <span class='ocrx_word' id='word_1_132' title='bbox 697 3156 901 3221; x_wconf 87' lang='lat' dir='ltr'>traditionem</span> <span class='ocrx_word' id='word_1_133' title='bbox 930 3157 1096 3222; x_wconf 90' lang='lat' dir='ltr'>referenda</span> <span class='ocrx_word' id='word_1_134' title='bbox 1123 3162 1187 3236; x_wconf 88' lang='lat' dir='ltr'>est,</span> <span class='ocrx_word' id='word_1_135' title='bbox 1223 3163 1260 3224; x_wconf 90' lang='lat' dir='ltr'>ut</span> 
     </span>
     <span class='ocr_line' id='line_1_23' title="bbox 162 3266 1259 3356; baseline -0.004 -19"><span class='ocrx_word' id='word_1_136' title='bbox 162 3273 330 3356; x_wconf 85' lang='lat' dir='ltr'>praecipue</span> <span class='ocrx_word' id='word_1_137' title='bbox 353 3271 491 3353; x_wconf 89' lang='lat' dir='ltr'>quinque</span> <span class='ocrx_word' id='word_1_138' title='bbox 512 3268 688 3351; x_wconf 85' lang='lat' dir='ltr'>legatorum</span> <span class='ocrx_word' id='word_1_139' title='bbox 702 3266 831 3331; x_wconf 86' lang='lat' dir='ltr'>nomina</span> <span class='ocrx_word' id='word_1_140' title='bbox 847 3268 925 3346; x_wconf 80' lang='lat' dir='ltr'>(sins</span> <span class='ocrx_word' id='word_1_141' title='bbox 940 3267 1178 3350; x_wconf 82' lang='lat' dir='ltr'>cognominibus</span> <span class='ocrx_word' id='word_1_142' title='bbox 1192 3272 1259 3334; x_wconf 90' lang='lat' dir='ltr'>tra-</span> 
     </span>
     <span class='ocr_line' id='line_1_24' title="bbox 164 3378 1259 3464; baseline -0.001 -17"><span class='ocrx_word' id='word_1_143' title='bbox 164 3382 245 3464; x_wconf 89' lang='lat' dir='ltr'>dita)</span> <span class='ocrx_word' id='word_1_144' title='bbox 275 3382 312 3458; x_wconf 82' lang='lat' dir='ltr'>Q.</span> <span class='ocrx_word' id='word_1_145' title='bbox 333 3381 450 3446; x_wconf 89' lang='lat' dir='ltr'>Fabius</span> <span class='ocrx_word' id='word_1_146' title='bbox 476 3378 518 3444; x_wconf 92' lang='lat' dir='ltr'>M.</span> <span class='ocrx_word' id='word_1_147' title='bbox 540 3378 648 3444; x_wconf 85' lang='lat' dir='ltr'>Livius</span> <span class='ocrx_word' id='word_1_148' title='bbox 670 3378 704 3442; x_wconf 88' lang='lat' dir='ltr'>L.</span> <span class='ocrx_word' id='word_1_149' title='bbox 728 3378 879 3443; x_wconf 82' lang='lat' dir='ltr'>Aemilius</span> <span class='ocrx_word' id='word_1_150' title='bbox 902 3379 936 3444; x_wconf 81' lang='grc' dir='ltr'>Ο.</span> <span class='ocrx_word' id='word_1_151' title='bbox 959 3379 1098 3445; x_wconf 88' lang='lat' dir='ltr'>Licinius</span> <span class='ocrx_word' id='word_1_152' title='bbox 1121 3381 1157 3457; x_wconf 79' lang='lat' dir='ltr'>Q.</span> <span class='ocrx_word' id='word_1_153' title='bbox 1178 3381 1259 3447; x_wconf 89' lang='lat' dir='ltr'>Bae-</span> 
     </span>
     <span class='ocr_line' id='line_1_25' title="bbox 163 3490 1259 3572; baseline -0.001 -12"><span class='ocrx_word' id='word_1_154' title='bbox 163 3495 233 3561; x_wconf 91' lang='lat' dir='ltr'>bius</span> <span class='ocrx_word' id='word_1_155' title='bbox 256 3494 434 3559; x_wconf 90' lang='lat' dir='ltr'>ostendunt.</span> <span class='ocrx_word' id='word_1_156' title='bbox 487 3491 549 3556; x_wconf 86' lang='lat' dir='ltr'>Sed</span> <span class='ocrx_word' id='word_1_157' title='bbox 570 3492 603 3555; x_wconf 92' lang='lat' dir='ltr'>in</span> <span class='ocrx_word' id='word_1_158' title='bbox 626 3490 719 3555; x_wconf 91' lang='lat' dir='ltr'>huius</span> <span class='ocrx_word' id='word_1_159' title='bbox 741 3490 907 3572; x_wconf 87' lang='lat' dir='ltr'>legationis</span> <span class='ocrx_word' id='word_1_160' title='bbox 928 3492 1086 3557; x_wconf 89' lang='lat' dir='ltr'>mandatis</span> <span class='ocrx_word' id='word_1_161' title='bbox 1106 3515 1259 3559; x_wconf 89' lang='lat' dir='ltr'>enarran-</span> 
     </span>
     <span class='ocr_line' id='line_1_26' title="bbox 164 3601 1256 3673; baseline -0.001 -1"><span class='ocrx_word' id='word_1_162' title='bbox 164 3607 212 3673; x_wconf 85' lang='lat' dir='ltr'>dis</span> <span class='ocrx_word' id='word_1_163' title='bbox 227 3606 350 3671; x_wconf 88' lang='lat' dir='ltr'>Livium</span> <span class='ocrx_word' id='word_1_164' title='bbox 371 3625 481 3670; x_wconf 88' lang='lat' dir='ltr'>rursus</span> <span class='ocrx_word' id='word_1_165' title='bbox 500 3602 541 3669; x_wconf 91' lang='lat' dir='ltr'>ab</span> <span class='ocrx_word' id='word_1_166' title='bbox 557 3603 642 3668; x_wconf 91' lang='lat' dir='ltr'>omni</span> <span class='ocrx_word' id='word_1_167' title='bbox 657 3603 721 3668; x_wconf 91' lang='lat' dir='ltr'>alia</span> <span class='ocrx_word' id='word_1_168' title='bbox 735 3601 905 3668; x_wconf 88' lang='lat' dir='ltr'>traditione</span> <span class='ocrx_word' id='word_1_169' title='bbox 919 3602 1091 3669; x_wconf 89' lang='lat' dir='ltr'>abhorrere</span> <span class='ocrx_word' id='word_1_170' title='bbox 1104 3604 1256 3671; x_wconf 66' lang='lat' dir='ltr'>videmusss</span> 
     </span>
    </p>
   </div>
   <div class='ocr_carea' id='block_1_11' title="bbox 161 3733 1257 3914">
    <p class='ocr_par' dir='ltr' id='par_1_12' title="bbox 161 3733 1257 3914">
     <span class='ocr_line' id='line_1_27' title="bbox 617 3733 802 3788; baseline -0.011 -1"><span class='ocrx_word' id='word_1_171' title='bbox 617 3733 677 3787; x_wconf 86' lang='lat' dir='ltr'>Liv.</span> <span class='ocrx_word' id='word_1_172' title='bbox 696 3735 738 3787; x_wconf 82' lang='lat'>21.</span> <span class='ocrx_word' id='word_1_173' title='bbox 762 3736 802 3788; x_wconf 85' lang='lat'>18.</span> 
     </span>
     <span class='ocr_line' id='line_1_28' title="bbox 161 3827 1257 3914; baseline -0.002 -18"><span class='ocrx_word' id='word_1_174' title='bbox 161 3831 282 3913; x_wconf 89' lang='lat' dir='ltr'>legatos</span> <span class='ocrx_word' id='word_1_175' title='bbox 303 3830 434 3894; x_wconf 90' lang='lat' dir='ltr'>mittunt</span> <span class='ocrx_word' id='word_1_176' title='bbox 455 3829 496 3894; x_wconf 90' lang='lat' dir='ltr'>ad</span> <span class='ocrx_word' id='word_1_177' title='bbox 517 3829 770 3914; x_wconf 84' lang='lat' dir='ltr'>percunctandos</span> <span class='ocrx_word' id='word_1_178' title='bbox 791 3827 1066 3912; x_wconf 84' lang='lat' dir='ltr'>Carthaginienses</span> <span class='ocrx_word' id='word_1_179' title='bbox 1088 3828 1257 3911; x_wconf 86' lang='lat' dir='ltr'>publicone</span> 
     </span>
    </p>
   </div>
   <div class='ocr_carea' id='block_1_12' title="bbox 163 3939 1257 4028">
    <p class='ocr_par' dir='ltr' id='par_1_13' title="bbox 163 3939 1257 4028">
     <span class='ocr_line' id='line_1_29' title="bbox 163 3939 1257 4028; baseline 0.001 -23"><span class='ocrx_word' id='word_1_180' title='bbox 163 3941 294 4006; x_wconf 87' lang='lat' dir='ltr'>consilio</span> <span class='ocrx_word' id='word_1_181' title='bbox 323 3939 484 4006; x_wconf 87' lang='lat' dir='ltr'>Hannibal</span> <span class='ocrx_word' id='word_1_182' title='bbox 512 3941 687 4028; x_wconf 87' lang='lat' dir='ltr'>Saguntum</span> <span class='ocrx_word' id='word_1_183' title='bbox 717 3946 944 4025; x_wconf 84' lang='lat' dir='ltr'>oppugnasset,</span> <span class='ocrx_word' id='word_1_184' title='bbox 981 3945 1031 4020; x_wconf 88' lang='lat' dir='ltr'>et,</span> <span class='ocrx_word' id='word_1_185' title='bbox 1067 3940 1094 4005; x_wconf 92' lang='lat' dir='ltr'>si</span> <span class='ocrx_word' id='word_1_186' title='bbox 1114 3940 1149 4005; x_wconf 93' lang='lat' dir='ltr'>id</span> <span class='ocrx_word' id='word_1_187' title='bbox 1171 3942 1257 4023; x_wconf 91' lang='lat' dir='ltr'>quod</span> 
     </span>
    </p>
   </div>
   <div class='ocr_carea' id='block_1_13' title="bbox 0 0 1434 4612">
    <p class='ocr_par' dir='ltr' id='par_1_14' title="bbox 0 0 1434 4612">
     <span class='ocr_line' id='line_1_30' title="bbox 0 0 1434 4612; baseline 0 0"><span class='ocrx_word' id='word_1_188' title='bbox 0 0 1434 4612; x_wconf 95' lang='lat' dir='ltr'> </span> 
     </span>
    </p>
   </div>
  </div>
 </body>
</html>
