2858 4612
695 283 717 355 9

165 499 258 562 quem
277 480 341 547 hoc
362 481 432 552 loco
455 505 526 548 cum
546 483 611 550 illis
627 483 939 568 Carthaginiensibus
954 483 1158 568 scriptoribus
1173 505 1259 551 oom-

163 597 256 674 paret
278 585 346 676 (οἷα
367 591 514 682 γράφει),
535 614 594 680 pro
615 602 701 662 certo
724 595 885 661 habemus.

248 707 399 793 Polybius
412 709 495 775 enirn
510 709 672 787 nonnulla,
694 729 776 791 quae
798 730 815 773 e
837 707 1090 791 Carthaginiensi
1112 708 1200 774 fonte
1217 745 1258 757 -

166 815 306 883 Chaerea
327 819 500 904 Sosyloque
522 860 562 871 --
585 820 713 886 haurire
734 839 805 886 non·
818 818 940 902 potuit,
971 818 1087 897 tradit3
1121 817 1259 900 primum

53 906 67 918 ⁵
165 926 299 1017 laudant
318 929 367 994 illi
387 930 557 1014 scriptores
580 930 645 1015 (20.
669 929 704 1016 3)
733 933 861 995 senatus
884 928 1020 993 Romani
1048 928 1259 993 constantiam

165 1035 238 1125 (τὴν
262 1036 461 1127 στυγνότητα
490 1043 549 1105 τοῦ
581 1035 746 1125 συνεδρίου
777 1033 1015 1124 παρεισάγουσι
1046 1032 1258 1119 θαυμάσιον),

165 1155 232 1216 tum
255 1151 406 1234 Polybius
435 1173 542 1217 eorum
571 1154 787 1217 narrationem
815 1155 976 1215 senatores
997 1149 1156 1213 Romanos
1177 1147 1261 1214 filios

165 1260 226 1325 XII
246 1281 348 1327 annos
378 1266 472 1327 natos
500 1262 534 1327 in
563 1267 691 1326 senatus
719 1261 838 1327 curiam
866 1280 971 1325 secum
998 1259 1124 1325 duxisse
1146 1280 1260 1324 ranam

164 1371 350 1453 irritamque
371 1378 464 1455 putat
486 1373 550 1454 (20.
574 1371 682 1455 3-4).
759 1375 761 1379 ’

250 1484 399 1550 Attamen
421 1485 462 1549 ab
484 1484 555 1549 aliis
570 1506 695 1567 quoque
708 1485 882 1569 praeclaris
897 1485 1078 1551 auctoribus
1093 1485 1179 1549 hunc
1193 1504 1261 1571 mo-

166 1615 232 1660 rem
254 1595 405 1661 Romanis
426 1596 522 1661 fuisse
543 1596 698 1675 audimus,
719 1616 740 1660 a
759 1595 802 1661 M.
817 1595 940 1660 Ponoro
955 1595 1086 1660 Carorur
1110 1594 1163 1672 (cf.
1180 1593 1261 1660 Geli.

77 1754 80 1759 .
166 1706 204 1770 N.
221 1706 258 1769 A.
279 1709 308 1771 1.
324 1707 367 1770 23
388 1707 541 1786 „historia
563 1707 603 1772 de
624 1707 751 1790 Papirio
766 1706 969 1771 Praetextato
984 1705 1070 1771 dicta
1085 1707 1264 1789 scriptaque

166 1810 214 1879 est
241 1835 262 1880 a
289 1815 331 1878 Μ.
363 1814 482 1881 Catone
511 1817 545 1880 in
572 1818 724 1883 oratione.
768 1818 842 1880 Mos
865 1825 959 1880 antea
980 1814 1173 1878 senatoribus
1196 1816 1259 1877 Ro

165 1946 235 1989 mae
254 1926 322 2004 fuit
344 1925 379 1988 ιἰν
401 1926 522 1990 συνίασι
544 1950 614 1992 cum
630 1928 837 2010 praetextatis
846 1928 934 2012 filiis
955 1927 1145 2008 introire.⁴‘).

251 2039 338 2116 Quae
360 2060 432 2103 cum
454 2034 581 2122 optima
597 2042 743 2104 Romana
764 2040 893 2105 traditio
916 2042 966 2120 sit,
988 2040 1053 2105 illis
1075 2040 1179 2104 verbis
1201 2040 1262 2105 Po·

120 2212 123 2217 ,
166 2151 285 2237 lybium
313 2172 378 2217 non
405 2151 579 2217 Chaeream
609 2153 817 2237 Sosylumque
848 2153 903 2218 sed
930 2153 1062 2218 Fabium
1083 2153 1262 2218 Romanum

169 2265 374 2348 scriptorem,
412 2264 466 2347 qui
488 2285 539 2330 res
561 2265 720 2330 Romanas
742 2267 859 2350 optime
880 2266 968 2331 norit
988 2266 1124 2348 illasque
1146 2265 1264 2330 oratio-

165 2397 222 2441 nes
252 2376 364 2441 melius
398 2396 492 2457 quarn
526 2375 800 2460 Carthaginienses
832 2385 977 2442 auctores
1005 2377 1131 2443 tradere
1160 2377 1265 2460 potuit

166 2486 215 2569 (P.
233 2486 262 2549 3.
287 2484 307 2549 8
329 2481 416 2551 διότι
438 2479 457 2549 δ
480 2481 612 2572 γράφων
636 2484 764 2571 Φάβιος
784 2491 844 2552 coo
866 2485 1031 2574 συνεδρίου
1051 2490 1178 2571 μετεῖχε
1198 2490 1264 2552 τῶν
1376 2581 1381 2588 .

163 2587 342 2675 Ῥωμαίων)
365 2593 603 2677 reprehendisse
625 2616 796 2662 censemus.

251 2706 419 2772 Praeterea
441 2706 575 2772 Dionem
598 2707 741 2774 Cassium
764 2711 799 2775 in
819 2711 978 2794 prioribus
1000 2711 1204 2776 historiarum
1225 2711 1264 2775 li-

166 2817 232 2883 bris
252 2817 388 2884 fumasse
410 2818 544 2886 Fabium
566 2826 705 2887 secutum
729 2842 813 2900 esse,
845 2822 973 2887 minime
993 2843 1068 2888 vero
1091 2821 1263 2887 Chaeream

166 2925 387 3011 Sosylumque‚
409 2937 446 2994 ut
467 2929 502 2994 C.
525 2931 618 2996 Peter
639 2938 744 3015 putat,
766 2937 879 3016 postea
898 2931 1081 2998 ridebimus.

252 3039 470 3107 Dio-Zonaras
485 3048 591 3108 autern
605 3043 724 3109 Romae
739 3044 872 3128 Sagunti
887 3045 984 3110 excisi
1001 3046 1112 3110 nuntio
1131 3050 1263 3127 accepto

165 3149 285 3215 indicto
314 3157 426 3216 senatu
455 3151 557 3217 multa
586 3153 683 3218 rerba
710 3153 795 3218 facta
823 3176 891 3221 esse
920 3159 1031 3218 narrat
1052 3159 1083 3218 et
1105 3154 1263 3219 orationes

166 3261 202 3327 L.
225 3263 362 3328 Cornelii
384 3263 510 3328 Lentuli
532 3270 563 3329 et
585 3264 621 3341 Q.
644 3264 734 3329 Fabii
754 3265 903 3345 Maximi,
940 3286 1072 3348 quorum
1096 3265 1178 3330 alter
1199 3271 1264 3331 sta·

166 3375 225 3440 tim
246 3375 366 3441 bellum
387 3376 629 3454 decernendum,
651 3377 732 3441 alter
753 3378 839 3460 prius
861 3378 983 3462 legatos
1005 3378 1175 3442 mittendos
1195 3399 1263 3444 esse

166 3485 257 3567 dixit,
278 3487 378 3552 tradit
400 3487 454 3569 (cf.
476 3487 537 3552 Dio
560 3487 594 3552 C.
618 3487 657 3551 fr.
681 3486 733 3566 54,
757 3487 863 3572 1-9).

251 3596 399 3681 Polybius
427 3617 492 3661 non
521 3602 606 3661 recte
635 3597 741 3675 illam,
780 3617 862 3679 quae
882 3597 1026 3663 Fabiana
1052 3597 1264 3665 existimanda

166 3713 225 3787 est,
246 3707 460 3772 narrationem
481 3706 616 3786 refellit3
637 3707 798 3772 Romanos
816 3712 884 3771 tarn
905 3712 1023 3772 temere
1043 3708 1264 3790 gravissimum

167 3816 286 3881 bellum
307 3815 481 3898 suscepisse
502 3835 604 3896 neque
625 3815 713 3897 prius
727 3836 838 3897 paoem
854 3815 1009 3880 sustinere
1023 3821 1163 3883 tentasse
1177 3817 1264 3883 haud

166 3925 316 3992 credibile
339 3930 405 4005 est3
441 3930 533 3991 erant
555 3931 639 3991 certe
661 3926 753 3990 multi
775 3927 909 4005 Rornae,
946 3927 1000 4008 qui
1027 3948 1138 4011 pacem
1168 3951 1263 4021 quarn

167 4037 287 4104 bellurn
307 4037 454 4117 mallent,
476 4042 513 4103 ut
534 4037 725 4122 Carthagine
746 4058 872 4122 quoque
891 4039 1062 4105 Barcinam
1082 4045 1178 4124 atque
1198 4040 1264 4106 An-
