2858 4612
735 262 788 335 eo

214 465 331 530 nelium
354 465 531 549 Scipionem
552 465 734 531 Africanum
755 464 974 548 pubescentem
991 462 1025 527 P.
1044 462 1222 546 Scipionem
1238 482 1313 526 oon-

214 578 313 643 sulem
336 598 475 644 servasse
497 578 596 644 tradit
618 578 671 657 (cf.
691 578 757 642 Pol.
777 579 823 642 10.
841 576 870 655 3,
892 577 967 641 Zon.
985 575 1013 640 8.
1033 575 1075 640 24
1097 597 1128 659 p.
1148 574 1218 654 184,
1241 573 1312 640 Val.

215 688 299 753 Max.
321 688 351 753 5.
376 689 406 752 4.
430 690 473 752 2.

272 812 277 829 ·
299 799 400 877 Quam
421 696 483 862 vila
507 798 611 863 Livius
628 797 797 862 Caelianae
811 796 986 861 narrationi
1003 795 1194 874 attribuerit,
1215 757 1312 859 verba

213 909 343 989 „malim
372 909 516 991 equidem
543 910 595 1005 de¹
610 908 676 974 filio
705 931 813 974 rerum
835 909 1009 990 essequod
1032 913 1065 973 et
1087 908 1193 991 plures
1213 906 1313 970 tradi-

213 1020 289 1087 dere
310 1026 455 1085 auctores
478 1020 616 1085 etfama
639 1020 805 1097 obtinuit,“
828 1019 1007 1084 ostendunt.
1323 1000 1326 1004 ¹

248 1141 253 1146 “
299 1131 332 1209 2)
354 1150 380 1194 0.
397 1130 438 1194 47
462 1130 501 1194 de
523 1130 711 1194 Hannibalis
734 1130 810 1195 Padi
832 1132 970 1196 transitu
992 1129 1097 1194 Livius
1120 1127 1218 1194 (laelii
1237 1147 1312 1193 nar-

214 1239 369 1305 rationem
392 1240 445 1323 (cf.
469 1241 545 1304 Zon.
562 1239 590 1304 8.
608 1240 650 1303 24
671 1261 702 1322 p.
721 1240 794 1317 184)
815 1241 992 1323 potioribus
1010 1239 1192 1305 auctoribus
1213 1258 1312 1322 oppo-

214 1349 278 1427 nit,
306 1369 369 1432 quo
391 1349 461 1414 loeo
483 1354 567 1415 certe
589 1370 653 1414 non
677 1349 840 1434 Polybium
863 1357 899 1416 ut
921 1351 953 1416 Ο.
977 1351 1068 1415 Peter
1090 1348 1249 1415 existimat
1269 1388 1312 1399 —

213 1461 349 1526 fortasse
376 1467 481 1526 autem
508 1461 573 1526 eius
593 1461 715 1535 fontem
737 1462 877 1527 Silenum
898 1463 1001 1528 verbis
1024 1463 1181 1544 „potiores
1202 1465 1313 1527 aucto-

142 1651 145 1655 ,
214 1580 285 1637 res“
306 1572 465 1650 nominat,
498 1593 569 1637 cum
591 1573 716 1638 Caelius
736 1573 797 1639 hoc
819 1573 890 1638 loco
912 1579 944 1638 et
965 1573 1063 1638 Sileni
1084 1578 1116 1638 et
1137 1572 1312 1637 Romanam

214 1684 417 1751 traditionem
438 1685 614 1770 protulerit.

651 1900 655 1909 ·
745 1879 780 1932 Il.

254 2020 256 2027 ·
300 2023 326 2068 c.
348 1999 474 2081 49--51
503 2000 536 2064 iu
564 2000 658 2065 rebus
686 2000 850 2064 maritimis
872 1999 957 2065 circa
979 2000 1115 2077 Siciliam
1138 2002 1313 2083 Italiaeque

213 2093 334 2182 insulas
363 2113 459 2197 gestis
488 2111 674 2178 enarrandis
704 2112 890 2194 cognomina
916 2111 1031 2176 omissa
1057 2112 1087 2177 S.
1112 2113 1314 2194 Pomponius,

214 2225 259 2292 Ti.
281 2223 501 2306 Sempronius,
536 2220 579 2285 M.
603 2220 772 2298 Aemilius,
808 2218 897 2303 parvi
926 2221 1048 2284 numeri
1077 2220 1135 2298 (25
1163 2241 1259 2285 naves
1280 2221 1314 2299 l.‚

213 2337 257 2402 50
278 2359 309 2402 n.
335 2337 374 2400 10
395 2336 462 2420 0.),
484 2332 618 2415 simplex
638 2353 676 2398 ac
697 2332 809 2415 pulcra
830 2332 974 2396 narratio
996 2332 1045 2396 de.
1059 2338 1215 2398 conventu
1236 2353 1310 2398 con-

92 2518 101 2525 ,
135 2484 139 2493 ·
214 2447 291 2513 aulis
311 2446 446 2511 Romani
471 2444 517 2509 Ti.
541 2443 717 2527 Sempronii
746 2464 817 2508 cum
844 2463 918 2526 rege
947 2443 1084 2508 Hierone
1112 2444 1146 2507 in
1174 2450 1311 2509 veterem

214 2557 390 2623 Romanum
412 2556 597 2639 scriptorem
619 2556 835 2621 demonstrare
856 2555 935 2621 mihi
948 2557 1094 2623 videntur
1108 2557 1311 2631 aut,Fabium

214 2673 270 2734 aut
298 2667 466 2746 Caelium3-
491 2687 566 2732 nam
596 2687 668 2732 eum
697 2686 821 2749 quoque
852 2688 904 2732 res
936 2669 1112 2733 maritimas
1142 2669 1312 2733 memoriae

213 2777 382 2844 mandasse
409 2777 448 2842 fr.
475 2778 514 2842 12
538 2778 645 2859 (Peter
667 2800 698 2861 p.
724 2778 798 2856 150)
820 2779 959 2844 ostendit
980 2779 1206 2861 „Sempronius
1228 2779 1311 2844 celo·

213 2900 281 2956 cem
304 2888 454 2972 Lilybaeo
475 2889 510 2953 in
530 2889 669 2955 Africam
692 2891 790 2956 mittit
811 2891 911 2956 visere
937 2891 1042 2957 locum
1063 2889 1118 2956 ubi
1139 2890 1311 2956 exercitum

214 3006 381 3086 exponat.“

734 3190 784 3243 III.

299 3335 325 3380 c.
341 3310 468 3401 52-56
488 3313 600 3396 Pugna
620 3311 661 3378 ad
676 3311 821 3377 Trebiam
842 3310 1008 3375 commissa
1029 3314 1179 3375 narratur
1200 3332 1217 3376 e
1233 3310 1310 3376 Coe-

214 3423 258 3489 lio
281 3422 335 3502 (01.
358 3421 528 3488 Boettcher
549 3441 580 3503 p.
597 3418 795 3504 398-402),
822 3420 877 3502 qui
899 3418 1173 3502 Carthaginienses
1194 3421 1309 3485 Roma-

212 3554 333 3616 nasque
353 3532 541 3599 traditiones
562 3532 746 3616 composuit.
790 3520 966 3598 Romanam
988 3532 1089 3610 enim,
1128 3552 1225 3614 equos
1245 3531 1310 3596 Ro·

213 3663 325 3709 manos
345 3663 410 3709 non
431 3644 499 3709 risu
521 3641 616 3709 modo
638 3641 692 3708 sed
714 3641 810 3707 odore
831 3643 959 3709 insolito
981 3643 1223 3728 elephantorum
1244 3648 1309 3708 ter·

213 3752 292 3819 ritos
320 3753 427 3837 fugam
455 3753 566 3819 fecisse
594 3753 764 3836 velitesque
791 3754 952 3821 Romanos
973 3756 1158 3840 elephantos
1183 3755 1309 3822 fortiter

212 3862 415 3947 impugnasse
435 3861 489 3941 (cf.
512 3865 593 3948 App.
616 3863 720 3930 Hann.
744 3864 762 3928 7
784 3886 814 3948 p.
841 3868 914 3946 116)
937 3866 1090 3933 existimo.
