2858 4612
693 236 740 307 17

173 434 293 500 catenis
322 455 360 499 ac
381 435 515 500 vinculis
541 435 585 502 ad
611 434 718 505 hostes
740 439 852 520 captos
872 433 1056 503 vinciendos
1075 434 1111 499 in
1131 453 1273 518 pugnam

172 546 340 612 adlatum
361 530 577 613 Trasimenum
599 548 741 613 exeuntis
763 546 933 630 descriptio
961 547 1010 626 (P.
1033 546 1063 610 3.
1087 545 1138 609 68.
1160 544 1194 626 9)
1230 541 1273 608 ad

173 657 464 741 Carthaginiensem
486 658 672 741 scriptorem
693 660 872 741 pertinent,
914 657 1035 723 Morem
1056 656 1140 722 enim
1160 656 1272 722 vincu-

172 764 276 830 lorum
305 767 347 832 ad
376 773 487 850 captos
508 767 615 833 hostes
636 768 819 834 vinciendos
841 770 876 834 in
899 768 1019 834 bellum
1041 764 1274 851 portandorum

172 879 234 947 nisi
255 880 340 962 apud
363 879 641 964 Carthaginienses
663 903 728 946 non
749 882 940 960 invenimus3
969 879 1083 945 castris
1106 877 1274 962 Carthagi·

172 989 328 1054 niensium
351 988 391 1054 ab
415 990 593 1072 Agathocle
623 992 725 1074 captis
754 1012 785 1057 a.
808 990 881 1058 310,
901 1011 972 1056 eum
1003 990 1109 1054 20000
1130 989 1274 1056 vinculo·

172 1121 243 1164 rum
274 1099 430 1164 invenisse
461 1101 561 1165 tradit
588 1101 682 1166 Diod.
705 1101 757 1166 20.
782 1101 839 1180 13,
877 1121 972 1183 quem
1000 1121 1119 1166 morem
1147 1101 1273 1168 Silenus

171 1211 306 1277 fortasse
328 1214 479 1278 exercitui
498 1213 644 1278 Romano
667 1233 793 1296 qnoque
814 1212 974 1291 attribuit,
998 1217 1034 1277 ut
1055 1211 1142 1277 illius
1163 1231 1273 1294 super·

170 1321 225 1389 bia
246 1344 284 1388 ac
306 1323 415 1388 clades
435 1325 536 1406 magis
559 1331 736 1407 appareret.
880 1406 884 1416 Α
986 1399 989 1403 ,

256 1454 283 1498 0.
306 1433 432 1497 86-81
462 1434 611 1519 Polybius
641 1433 853 1500 Hannibalem
879 1454 937 1519 per
962 1433 1128 1498 Umbriam
1158 1437 1191 1499 et
1220 1431 1274 1498 Pi·

173 1567 285 1611 cenum
309 1547 507 1612 Adriaticum
528 1547 645 1629 petisse
667 1547 775 1626 tradit,
802 1567 865 1629 quo
887 1544 1060 1623 δεκαταῖος
1081 1546 1211 1625 venerit,
1233 1545 1272 1610 li-

172 1678 364 1742 mopsorum,
393 1660 448 1741 qui
469 1659 611 1724 homines
634 1679 793 1741 equosque
815 1659 942 1740 ceperit,
964 1663 1085 1737 narrat,
1107 1656 1273 1723 Hanniba·

172 1771 310 1860 lemeos
331 1771 469 1837 lavando
491 1772 571 1835 vinis
593 1769 751 1835 veteribus
772 1769 933 1848 refecisse,
961 1790 1043 1852 quae
1065 1771 1172 1835 omnia
1194 1770 1272 1836 scri·

172 1887 312 1964 ptorem,
342 1882 453 1964 quiin
475 1881 782 1964 Carthaginiensium
804 1883 917 1948 castris
939 1882 1083 1949 omnibus
1105 1883 1156 1948 his
1176 1882 1272 1950 rebus

172 1988 279 2069 affuit,
316 1989 497 2056 ostendunt.
551 1988 758 2073 Praecipuam
785 1990 870 2056 inter
899 1993 1075 2057 Romanam
1105 1991 1273 2078 Carthagi·

171 2104 373 2186 niensemque
394 2101 518 2187 Polybii
539 2102 756 2167 narrationem
783 2104 1031 2169 controversiam
1051 2104 1086 2168 in
1107 2103 1272 2172 Hanniba-

171 2209 211 2277 lis
239 2212 396 2295 legatione
424 2232 444 2277 a
474 2213 556 2277 mari
586 2212 685 2277 Adria
714 2211 938 2297 Carthaginem
965 2214 1062 2279 missa
1092 2214 1272 2281 enarranda

168 2322 466 2403 animadvertimus,
505 2345 587 2407 quae
607 2326 641 2389 in
662 2324 794 2408 Polybio
815 2324 988 2390 iucundum
1009 2346 1048 2391 ac
1070 2325 1189 2392 laetum
1220 2347 1271 2393 rs-

169 2451 318 2515 sponsum
340 2431 447 2512 refert,
474 2432 549 2532 dum
570 2432 658 2517 apud
677 2434 844 2513 Zonaram,
871 2435 1061 2518 Appianum,
1084 2434 1175 2500 Fabii
1197 2456 1270 2501 scn-

168 2543 269 2607 tentia
304 2543 423 2609 bellum
456 2550 568 2610 contra
601 2543 871 2628 Carthaginiensis
907 2550 1035 2611 senatus
1069 2546 1266 2612 voluntatem

168 2659 347 2738 susceptum
369 2676 436 2721 esse
458 2662 607 2740 apparet,
629 2656 943 2741 Carthaginiensibus
965 2659 1131 2743 pecuniam
1155 2665 1188 2727 et
1209 2661 1269 2727 mi·

168 2766 240 2832 lites
260 2774 441 2852 poscentem
463 2768 686 2835 deridentibus.

254 2900 280 2944 c.
303 2879 430 2943 88-90
452 2881 610 2944 dictatura
632 2885 664 2944 et
684 2903 734 2948 res
757 2888 865 2966 gestae
886 2881 978 2948 Fabii
998 2887 1185 2962 narrantur,
1212 2882 1268 2949 ubi

167 2986 317 3070 Polybius
338 2986 471 3052 Fabium
492 2987 627 3054 fortasse
648 2993 799 3072 sequitur.

252 3119 278 3162 c.
302 3097 352 3162 00.
378 3098 482 3163 7-14
504 3082 626 3185 Polybii
646 3103 790 3168 narratio
812 3103 853 3169 ab
876 3103 1022 3170 omnibns
1045 3101 1118 3168 aliis
1142 3100 1266 3168 decedit

167 3207 201 3271 in
230 3208 366 3274 transitu
393 3209 582 3278 Hannibalis
609 3234 667 3297 per
696 3214 859 3281 Samnium
881 3218 915 3282 in
938 3215 1145 3301 Campaniam
1174 3235 1266 3280 enar-

160 3318 286 3398 rando,
320 3341 395 3385 cum
426 3343 443 3386 e
471 3322 603 3407 Polybio
632 3325 801 3412 τολμηρῶς
831 3333 863 3392 01
891 3327 1039 3408 consilio,
1075 3327 1202 3395 eLivio
1232 3334 1265 3396 et

166 3430 338 3497 Plutarcho
369 3433 551 3499 ducentium
578 3457 685 3503 errore
714 3438 747 3501 in
775 3435 967 3521 Campaniae
994 3460 1121 3524 campos
1142 3439 1264 3504 venisse

168 3540 379 3606 Hannibalem
402 3543 584 3624 audiamus3
607 3545 700 3612 facile
721 3546 754 3612 in
777 3546 901 3629 Polybii
920 3546 1075 3612 relatione
1097 3546 1264 3632 Carthagi·

166 3652 306 3717 niensem
322 3658 474 3732 autorem,
496 3655 530 3718 in
545 3654 626 3720 Livii
640 3657 803 3722 annalium
825 3657 1010 3740 scriptorem
1033 3659 1261 3740 cognoscimus.

250 3781 277 3826 c.
301 3762 427 3827 92-94
459 3763 648 3832 Hannibalis
670 3767 779 3851 fugam
800 3788 818 3833 0
840 3766 1032 3850 Campaniae
1053 3768 1185 3852 planitie
1206 3770 1263 3836 bo-

164 3872 254 3938 vibus
276 3875 417 3940 accensis
438 3865 586 3943 cornibus
607 3878 642 3942 in
664 3879 765 3945 saltus
786 3900 807 3946 a
828 3874 980 3944 Romanis
1001 3873 1146 3943 obsessos
1171 3878 1262 3944 insti-

163 3986 246 4070 gatis
267 3992 387 4052 namet.
430 3987 491 4055 Hic
518 4010 643 4074 quoquc
669 3993 807 4076 primum
832 3996 939 4059 000100
961 3993 1140 4072 temporum
1161 3992 1259 4059 ratio-

1032 4109 1050 4163 2
