2858 4612
687 213 737 284 40

163 417 195 478 ot
216 431 289 490 cum
309 410 352 476 24
373 409 539 477 lictoribus
569 410 620 490 (cf.
644 411 710 476 Pol.
733 411 763 475 3;
787 411 836 475 87.
860 411 893 493 1)
918 410 951 476 C.
975 411 1105 477 Servilio
1128 409 1255 492 obviam

163 543 235 590 1ssa
264 564 272 583 ·
346 541 348 544 ⁴

149 717 151 721 ,
249 636 281 716 3)
311 656 339 700 e.
360 636 380 699 6
410 635 622 700 Hannibalem
650 656 754 700 errore
775 631 872 718 μετὰ
894 635 1059 700 δεῖπνον
1080 632 1254 699 Casilinum

165 746 339 814 aducibus
362 747 491 813 ductum
514 769 587 813 esse.

248 861 281 939 4)
310 882 336 926 c.
363 862 382 924 6
405 861 522 940 saltus,
555 861 668 941 quibus
688 860 848 927 Hannibal
870 882 887 926 e
909 859 1081 942 Campania
1102 858 1256 935 ducturos

164 976 250 1048 erat,
283 970 411 1035 a=4000
432 970 583 1036 Romanis
604 971 754 1036 militibus
776 971 918 1036 obsessos
938 970 1034 1036 fuisse
1056 969 1111 1053 (cf.
1132 969 1199 1035 Pol.
1222 969 1259 1038 3,

165 1084 304 1148 9210.

249 1090 294 1274 5))
312 1213 339 1258 c.
364 1191 381 1254 7
413 1191 554 1258 Fabium
574 1191 681 1257 dolum
708 1193 840 1258 sensisse
861 1193 991 1258 bovibus
1013 1192 1202 1275 quibusdam
1222 1189 1258 1258 in

168 1312 273 1373 cosma
293 1306 383 1371 Rom.
406 1305 612 1371 currentibus.

250 1419 284 1500 6)
314 1440 341 1485 c.
364 1418 383 1481 8
414 1417 534 1484 Metelli
562 1418 725 1485 contiones
753 1417 854 1483 multo
882 1417 981 1483 fusius
1009 1437 1104 1499 quam
1125 1437 1146 1482 a
1167 1415 1257 1482 Livio

48 1566 50 1572 >
166 1533 357 1607 narrantum

251 1641 284 1722 1)
313 1663 339 1707 c.
365 1642 402 1703 11
433 1641 466 1704 iu
497 1640 587 1706 clade
614 1639 797 1705 Minuciana
820 1640 977 1704 Numidas
1006 1640 1173 1724 praecipue
1194 1640 1259 1705 Ro-

166 1775 277 1820 manos
298 1753 476 1831 lacessisse,
506 1754 560 1835 qui
581 1773 601 1818 a
622 1752 689 1818 Liv.
713 1752 765 1817 22.
788 1751 829 1816 38
852 1772 917 1817 non
937 1756 1098 1816 vocantur.

251 1867 283 1946 8)
307 1889 333 1931 c.
350 1866 389 1929 15
410 1866 589 1931 Terentium
607 1865 782 1931 Varronem
803 1872 878 1930 ante
899 1885 1037 1949 pugnam
1060 1864 1258 1928 Cannensem

167 1979 366 2046 commissam
387 1999 512 2062 pugnae
534 1978 659 2061 signum
678 1974 777 2058 χιτών
798 1972 947 2053 κόκκινος
967 1979 1000 2042 in
1020 1975 1178 2061 practorio
1193 1973 1259 2040 col·

86 2162 89 2177 1
167 2091 297 2158 locasse.

252 2202 287 2282 9)
312 2200 499 2266 Hannibalis
521 2200 616 2266 verba
638 2201 769 2285 Gisgoni
791 2200 885 2266 facta.

234 2312 288 2392 10)
315 2333 342 2376 c.
368 2311 406 2374 16
437 2310 616 2377 Cornelium
645 2310 832 2389 Lentulum,
864 2310 919 2392 qui
946 2311 1109 2377 vulnerato
1138 2311 1262 2377 consuli

167 2423 300 2489 Aemilio
324 2443 438 2505 equum
461 2420 609 2487 obtulerit
631 2416 828 2508 εὐπατρίδης
848 2421 953 2486 fuisso.

235 2535 289 2618 11)
312 2555 338 2598 c.
358 2533 395 2595 11
418 2554 483 2598 non
505 2532 721 2597 Maharbalem
745 2537 794 2613 (ut
817 2532 962 2598 (lusurus
984 2532 1022 2597 cf.
1046 2533 1124 2598 Gell.
1144 2533 1259 2597 10024.

170 2648 201 2726 6,
221 2647 287 2712 Liv.
308 2646 359 2709 22.
383 2645 559 2727 fal—Cato)
582 2645 637 2710 sed
658 2646 798 2709 Boream
821 2645 937 2710 dixisse
958 2641 1019 2726 „ob
1044 2649 1136 2733 νικᾷκ
1158 2637 1264 2727 οἶδας,

169 2755 242 2847 νίκῃ
264 2757 299 2824 δὲ
319 2761 464 2845 χρῆσθαι
486 2751 545 2821 οὐκ
567 2749 691 2835 οἶδας.“

254 2874 420 2939 Praeterea
441 2871 532 2937 Fabii
559 2891 661 2936 mores
690 2875 722 2935 et
749 2891 799 2935 res
827 2875 933 2953 gestae
954 2870 987 2934 in
1008 2876 1076 2936 tota
1099 2872 1262 2938 Plutarchi

169 2987 236 3052 vita
256 2985 423 3069 praecipuo
445 2989 648 3062 enarrantur3
670 2983 823 3048 nonnulla
845 3003 926 3064 quae
947 2983 1032 3066 apud
1052 2984 1118 3049 Liv.
1134 2992 1261 3051 senatus

171 3099 368 3184 populusque
387 3095 547 3161 Romanus
567 3101 674 3178 agunt,
695 3095 779 3178 apud
801 3095 882 3160 Plut.
906 3096 948 3161 ad
969 3096 1100 3162 Fabium
1120 3099 1262 3164 referun-

171 3215 224 3274 tur
247 3207 300 3288 (cf.
322 3207 404 3271 Plut.
426 3203 503 3270 Fab.
526 3204 548 3267 4
567 3209 602 3270 et
625 3206 687 3287 16).
849 3293 851 3296 ⁴
1160 3278 1162 3285 p

256 3319 367 3385 Soltau
388 3318 423 3385 C.
444 3318 547 3383 Peteri
569 3319 754 3383 sententiam
776 3318 899 3383 Livium
928 3320 1027 3386 solum
1050 3341 1070 3386 a
1091 3322 1263 3390 Plutarcho

173 3431 207 3498 in
235 3451 326 3496 usum
354 3434 499 3494 vocatum
528 3449 596 3494 esso
624 3450 692 3493 meo
721 3430 848 3511 quidem
875 3431 991 3496 iudicio
1018 3438 1102 3498 recte
1129 3432 1263 3514 refellit3

173 3562 248 3609 nam
269 3540 552 3606 additamentorum
574 3562 738 3605 numerum
764 3546 889 3607 tantum
914 3544 1103 3623 invenimus,
1139 3552 1262 3611 utnon

174 3651 296 3716 Livium
315 3649 416 3714 solum
442 3649 497 3714 sed
518 3632 615 3714 alium
638 3671 761 3732 quoque
784 3652 968 3735 scriptorem
989 3653 1193 3719 Plutarchum
1215 3676 1263 3721 se-

174 3765 281 3826 cutum
302 3780 369 3825 csse
391 3760 531 3838 eluceat3
568 3759 679 3825 Soltau
699 3760 864 3839 Plutarchi
883 3763 1002 3830 fontem
1024 3764 1164 3830 Caelium
1187 3768 1260 3833 Ant.

174 3869 271 3935 fuisso
290 3869 484 3935 adsentiente
505 3868 545 3934 H.
567 3870 658 3935 Peter
680 3871 856 3951 existimat3
893 3873 947 3939 sed
974 3882 1160 3959 argumenta
1180 3897 1263 3959 quae

175 3982 425 4049 adsentantium
446 3981 662 4048 sustinendam
685 3981 814 4066 profert,
835 3983 969 4067 probare
990 3987 1163 4070 nequimus,
1188 4009 1262 4055 cum
