2858 4612
687 280 751 353 52-

164 489 317 555 Baebium
340 485 538 570 Tampilum,
566 485 622 568 qui
643 486 670 551 si
690 485 853 552 Hannibal
873 506 939 566 non
959 488 1100 570 pareret,
1130 484 1264 552 Cartha·

164 601 267 685 ginem
291 600 337 664 iro
359 598 436 663 iussi
458 601 540 662 sunt.

607 723 667 778 Pol.
685 727 711 779 3.
731 726 772 779 15.
792 725 817 778 2.

164 819 370 911 πρεσβευτὰς
399 795 632 902 ἒξαπόστειλαν
664 817 740 897 τοίς
772 816 1056 911 ἐπισκεψομένους
1087 816 1171 907 ὑπὲρ
1198 824 1264 884 τῶν

165 929 457 1021 προσπιπτόντων.

587 1060 655 1114 Zon.
673 1061 698 1114 8.
718 1063 761 1112 21.
781 1061 863 1130 (177).

165 1182 197 1252 oi
220 1183 257 1252 δὲ
275 1183 432 1267 Ῥωμαῖοι
453 1181 610 1269 πρέσβεις
630 1179 725 1269 πρὸς1
737 1181 859 1248 ἐκεῖνον
880 1181 1074 1270 πέμψαντες
1094 1179 1139 1281 μὴ
1161 1177 1264 1246 πελό-

165 1298 229 1379 ζειν
250 1299 321 1374 τοῖς
345 1289 571 1372 Ζακανθαίοις
594 1290 747 1375 ἐκέλευον,
770 1292 826 1358 καὶ
847 1287 877 1359 εί
898 1290 944 1381 μὴ
965 1288 1132 1372 πείθοιτο,
1157 1289 1190 1369 ἒς
1204 1288 1262 1378 τὴν

164 1402 361 1494 Καρχηδόνα
390 1404 534 1469 πλεῦσαι
560 1397 662 1482 addis
684 1402 741 1469 καὶ
762 1391 979 1491 κατηγορῆσαι
1002 1396 1102 1467 aizoo
1125 1396 1264 1488 ἐπηπεί-

43 1568 46 1574 .
78 1561 81 1566 -
164 1516 276 1604 λυσαν.

601 1645 673 1715 App.
692 1644 766 1698 Iber.
787 1647 829 1699 11.

164 1739 337 1826 πρέσβεις,
361 1732 398 1804 οἳ
418 1742 551 1825 πρῶτον
571 1739 632 1822 μὲν
645 1733 799 1825 Ἀννίβαν
820 1735 954 1822 ἔμελλον
975 1734 1177 1827 ὑπομνήσειν
1200 1747 1265 1805 τῶν

164 1849 393 1936 συγκειμένων,
426 1842 465 1914 ου’
487 1849 692 1932 πειθομένου
714 1848 750 1915 δὲ
771 1847 806 1927 ἐς
827 1846 1020 1938 Καρχηδόνα
1042 1850 1266 1918 πλευσεῖσθαι

164 1957 235 2027 κατ’
257 1955 366 2026 αὐτοῦ.

249 2071 356 2136 Livius
378 2071 463 2135 solus
485 2076 565 2135 tunc
586 2071 651 2135 iam
673 2071 809 2155 primam
831 2073 1046 2138 Romanorum
1075 2074 1265 2159 legationem

164 2185 375 2250 Hannibalem
391 2185 614 2268 expoposcisse
636 2189 758 2262 narrat,
781 2187 876 2250 ceteri
897 2187 1065 2269 scriptores
1088 2208 1196 2253 omnes
1217 2210 1267 2254 se-

164 2297 287 2363 cundae
300 2295 467 2379 legationis
476 2295 566 2359 Rom.
576 2315 605 2358 a.
616 2293 679 2357 218
695 2295 809 2359 missae
822 2295 1006 2362 mandatum
1018 2297 1113 2363 fuisse
1125 2300 1266 2379 tradunt,

687 2485 743 2550 III.

249 2646 275 2688 σ.
300 2623 382 2686 7-9
414 2622 520 2688 Livius
550 2623 729 2706 Saguntum
752 2626 929 2707 oppugnari
949 2633 1095 2709 coeptum
1116 2635 1228 2694 narrat
1249 2650 1267 2694 o

165 2735 271 2802 Caelio
293 2734 347 2815 (cf.
370 2735 542 2801 Boettcher
561 2758 595 2820 p.
612 2735 675 2799 366
698 2737 793 2820 sqq.).

688 2899 744 2965 IV.

134 3038 137 3045 ’
250 3063 277 3106 c.
293 3041 397 3104 9-11
421 3041 535 3105 iterum
557 3038 645 3123 apud
661 3038 783 3104 Livium
799 3042 963 3107 annalium
983 3046 1171 3129 scriptorum
1193 3071 1268 3116 nar-

166 3152 338 3231 rationem,
374 3151 563 3235 legationem
595 3170 660 3213 non
689 3148 858 3216 admissam
894 3153 928 3218 in
960 3154 1266 3240 Carthaginiensium

71 3347 76 3353 β
166 3269 274 3328 castra
294 3262 425 3345 legimus
448 3261 503 3346 (cf.
526 3261 601 3326 Zon.
626 3260 654 3325 8.
678 3261 719 3324 21
743 3285 773 3346 p.
794 3263 864 3343 177,
886 3265 968 3349 App.
990 3266 1129 3333 lberali
1152 3293 1183 3354 p.
1199 3273 1267 3352 54),

167 3375 243 3439 dum
265 3374 413 3458 Polybius
435 3373 574 3438 Silenum
597 3379 723 3438 secutus
746 3382 910 3459 acceptam
935 3398 1003 3441 eam
1026 3401 1093 3446 esse
1113 3381 1154 3446 ab
1177 3383 1267 3448 Han-

166 3482 402 3551 nibalo'tradit
430 3485 459 3549 3.
485 3484 533 3548 15.
557 3486 580 3549 4
609 3481 802 3568 καταλαβών
833 3486 869 3552 δὲ
897 3486 954 3575 τὴν
985 3487 1076 3578 παρὰ
1102 3497 1167 3556 τῶν
1186 3487 1267 3558 Ῥω-

167 3593 274 3677 μαίων
295 3590 482 3679 πρεσβείαν,
504 3591 561 3659 καί
582 3593 658 3673 δοὺς
679 3590 777 3660 αὑτὸν
799 3592 846 3675 εἷς
869 3594 1008 3680 ἔντευξιν
1030 3596 1166 3686 διήκουε.

254 3705 332 3769 Tum
353 3706 475 3788 legatos
498 3706 721 3790 Carthaginem
743 3709 902 3790 profectos
924 3730 991 3774 esse
1016 3709 1122 3791 ibique
1144 3707 1267 3777 Hanni-

169 3817 274 3883 balem
297 3818 515 3901 depoposcisse
536 3819 643 3884 Livius
664 3827 783 3884 narrat.
828 3821 897 3897 Qua
924 3821 957 3883 in
987 3842 1021 3884 re
1052 3821 1174 3886 Livium
1202 3826 1268 3888 sin·

163 3928 312 4014 ‚gularem
334 3930 536 3995 traditionem
567 3936 707 3996 secutum
739 3952 806 3996 esse
834 3932 990 4010 videmus,
1027 3954 1109 4015 quae
1129 3934 1172 3999 ab
1194 3937 1266 4002 aliis

170 4043 330 4111 abhorret.
