2858 4612
698 247 746 320 53

259 447 398 511 Primum
430 453 515 512 errat
546 448 653 514 Livius
682 449 708 514 si
736 470 765 514 a.
797 449 860 513 218
890 449 1065 533 Saguntum
1096 448 1272 530 oppugnari

175 562 319 640 coeptum
342 578 408 622 esse
431 563 555 638 narrat,
582 559 667 642 quod
689 560 753 624 iam
775 581 802 624 a.
826 559 889 623 219
911 559 1031 623 factum
1044 563 1119 636 ·est;
1156 558 1271 640 legatio

173 669 275 751 prima
298 689 423 750 quoque
445 669 541 733 missa
563 676 609 734 est
631 670 746 749 220bc·
799 670 898 734 Porro
921 668 1096 754 legatorum
1119 669 1272 734 mandata

174 783 214 847 ab
236 782 370 846 aliorum
391 781 562 846 traditione
584 781 782 865 discrepant3
820 787 984 865 praeterea
1003 782 1036 845 in
1058 785 1127 846 tota
1147 781 1205 845 illa
1226 780 1272 847 le·

173 895 300 978 gatione
322 893 500 961 enarranda
521 913 651 976 prorsus
674 914 694 956 a
716 893 822 958 Sileno
843 892 966 977 Polybii
988 893 1076 958 fonte
1098 892 1272 958 abhorrens

173 1006 350 1070 Romanum
373 1004 536 1069 annalium
558 1006 744 1088 scriptorem
766 1006 916 1088 sequitur.

259 1117 363 1195 Quare
391 1137 460 1181 mco
488 1117 615 1198 quidem
645 1117 760 1182 iudicio
796 1118 829 1200 l)
859 1118 893 1181 in
924 1121 994 1182 tota
1026 1116 1084 1181 illa
1115 1115 1271 1199 legatione

173 1229 352 1296 enarranda
379 1228 485 1293 Livius
515 1230 677 1315 annalium
706 1230 893 1313 scriptorem
917 1266 952 1276 -
979 1250 1044 1293 non
1064 1234 1171 1293 tamen
1193 1228 1271 1294 Cae-

172 1342 250 1407 lium
278 1378 322 1390 -
352 1345 476 1405 secutus
506 1360 573 1405 esse
603 1340 710 1422 colligi
738 1346 859 1423 potest,
897 1346 930 1405 et
952 1340 987 1425 2)
1008 1363 1028 1422 p
1048 1339 1269 1404 mandatorum

173 1454 276 1518 forma
295 1452 401 1517 Livius
430 1452 601 1517 secundam
630 1453 843 1518 Romanorum
871 1453 1060 1535 legationem
1089 1472 1117 1515 a.
1143 1450 1205 1514 218
1228 1450 1269 1515 ad

172 1564 382 1629 Hannibalem
411 1564 643 1648 exposcendum
671 1564 799 1629 missam
829 1564 893 1629 iam
920 1565 981 1629 hoc
1009 1563 1079 1629 loco
1106 1584 1145 1628 ex
1171 1583 1271 1628 anna-

171 1676 248 1741 lium
271 1676 424 1758 scriptore
445 1697 592 1741 narrasse
612 1677 720 1758 itaque
739 1677 773 1741 in
795 1696 943 1759 magnum
960 1696 1098 1741 errorem
1113 1674 1268 1740 incidisse.

258 1786 372 1850 Omnia
393 1786 555 1851 Valerium
576 1787 735 1851 Antiatem
759 1786 923 1852 Livianum
954 1787 1074 1853 fontem
1107 1785 1271 1852 ostendere

172 1898 250 1962 mihi
271 1897 432 1975 videntur,
453 1897 658 1980 posteriorem
680 1897 843 1962 annalium
862 1898 1062 1983 scriptorem:

259 2008 290 2086 l)
314 2007 501 2089 cognomina
524 2014 696 2073 memorata
719 2008 752 2071 P.
776 2007 939 2072 Cornelius
961 2007 1083 2090 Scipi0,
1111 2006 1156 2072 Ti.
1181 2005 1269 2071 Sem-

171 2119 301 2203 pronius
322 2119 466 2203 Longus,
488 2119 521 2183 P.
547 2119 691 2186 Valerius
713 2121 864 2199 Flaccus,
888 2119 925 2196 Q.
949 2119 1084 2184 Baebius
1106 2116 1267 2201 Tampilus

171 2252 253 2313 quae
277 2232 337 2296 nisi
357 2232 391 2295 in
414 2231 472 2296 VII
494 2232 590 2297 seculi
613 2233 820 2317 scriptoribus
842 2252 907 2296 non
930 2235 1065 2296 exstant.

255 2343 290 2427 2)
313 2341 435 2405 Nomen
456 2341 510 2420 ,,Ρ.
533 2343 680 2406 Valerius
694 2343 847 2407 Flaccus“
869 2341 966 2425 legati
987 2341 1122 2406 Romani
1144 2339 1186 2405 ad
1201 2338 1269 2404 foe·

169 2456 250 2520 deris
272 2459 433 2538 ruptorem
455 2453 667 2520 Hannibalem
688 2452 928 2536 deposcendum.
950 2516 959 2521 ,,
983 2452 1124 2516 Duorum
1146 2450 1267 2534 legato-

168 2589 237 2632 rum
259 2566 379 2632 Valerii
399 2564 571 2649 Baabiique
591 2564 721 2630 nomina
741 2563 827 2647 apud
850 2562 1031 2630 Ciceronem
1046 2561 1074 2633 l.
1090 2582 1117 2628 c.
1140 2581 1265 2645 quoque

167 2679 376 2744 inveniuntur.

251 2787 432 2855 Ciceronem
462 2793 567 2852 autem
588 2786 707 2852 Valerii
728 2784 865 2851 Antiatis
893 2787 1024 2851 annales
1053 2804 1205 2870 cognosse
1232 2791 1265 2852 et

166 2900 278 2984 legisse
300 2899 378 2964 satis
400 2904 525 2963 constat
547 2897 586 2963 cf.
607 2898 646 2962 fr.
662 2896 703 2960 37
726 2898 840 2962 Ascon.
862 2898 896 2962 in
918 2896 981 2962 Cic.
1006 2897 1130 2962 Cornel.
1152 2918 1183 2981 p.
1200 2896 1264 2960 690

166 3016 218 3090 „et
238 3010 362 3075 videtur
382 3010 416 3074 in
438 3009 499 3074 hac
522 3009 663 3075 oratione
686 3009 771 3074 hunc
799 3008 926 3091 quidem
954 3015 1116 3075 auctorem
1139 3008 1263 3093 (Antia-
1324 3027 1327 3035 ·

164 3123 243 3204 tem)
268 3126 392 3185 secutus
414 3119 524 3184 Cicero
547 3119 662 3184 dixisse
682 3140 811 3202 passum
833 3140 900 3185 esse
921 3120 1098 3203 Scipionem
1120 3124 1200 3185 etos

250 3231 458 3309 Quamobrem
480 3236 512 3297 et
534 3229 714 3297 Ciceronem
737 3236 768 3295 et
789 3230 911 3298 Livium
931 3230 971 3293 21
995 3252 1022 3296 c.
1036 3231 1056 3295 6
1071 3236 1103 3295 et
1117 3251 1144 3295 c.
1155 3230 1258 3295 9-11

164 3368 181 3411 e
205 3345 321 3411 Valerii
343 3344 480 3409 Antiatis
508 3342 676 3409 annalibus
700 3343 843 3409 hausisse
865 3365 934 3410 eam
956 3344 1079 3426 primae
1100 3343 1261 3409 Romanae

164 3456 329 3541 legationis
351 3457 565 3523 narrationem
587 3454 740 3522 existimo.

629 3647 730 3714 lllet
749 3645 787 3712 V.

246 3787 380 3871 Sagunti
407 3787 601 3870 oppugnatio
628 3807 655 3851 e.
678 3786 777 3865 7-9‚
813 3804 841 3850 c.
866 3783 1000 3849 11-15.
1050 3784 1110 3851 Hic
1131 3804 1258 3870 quoque

161 3905 286 3985 praeter
305 3900 421 3964 multas
436 3921 454 3965 e
469 3897 781 3983 Carthaginiensibus
801 3895 1008 3981 scriptoribus
1029 3896 1161 3964 haustas
1182 3918 1256 3962 nar·

160 4012 299 4079 rationes
319 4011 490 4091 nonnulla,
519 4031 600 4096 quae
622 4010 664 4076 ad
684 4010 846 4076 annalium
875 4008 1060 4093 scriptorem
1086 4008 1256 4090 pertinent·
