<?xml version="1.0" encoding="UTF-8"?>
<!DOCTYPE html PUBLIC "-//W3C//DTD XHTML 1.0 Transitional//EN"
    "http://www.w3.org/TR/xhtml1/DTD/xhtml1-transitional.dtd">
<html xmlns="http://www.w3.org/1999/xhtml" xml:lang="en" lang="en">
 <head>
  <title>
</title>
<meta http-equiv="Content-Type" content="text/html;charset=utf-8" />
  <meta name='ocr-system' content='tesseract 3.04.00' />
  <meta name='ocr-capabilities' content='ocr_page ocr_carea ocr_par ocr_line ocrx_word'/>
</head>
<body>
  <div class='ocr_page' id='page_1' title='image "./quaeriturundebe00vollgoog_0012.png"; bbox 0 0 2858 4612; ppageno 0'>
   <div class='ocr_carea' id='block_1_1' title="bbox 110 1430 1274 3298">
    <p class='ocr_par' dir='ltr' id='par_1_1' title="bbox 110 1430 1274 3298">
     <span class='ocr_line' id='line_1_1' title="bbox 255 1430 1273 1517; baseline 0.01 -23"><span class='ocrx_word' id='word_1_1' title='bbox 255 1430 534 1496; x_wconf 85' lang='lat' dir='ltr'>Perscrutantibus</span> <span class='ocrx_word' id='word_1_2' title='bbox 563 1432 654 1497; x_wconf 90' lang='lat' dir='ltr'>nobis</span> <span class='ocrx_word' id='word_1_3' title='bbox 685 1435 885 1517; x_wconf 79' lang='lat' dir='ltr'><strong>quaestiones</strong></span> <span class='ocrx_word' id='word_1_4' title='bbox 914 1435 954 1501; x_wconf 91' lang='lat' dir='ltr'>de</span> <span class='ocrx_word' id='word_1_5' title='bbox 983 1435 1059 1501; x_wconf 89' lang='lat' dir='ltr'>belli</span> <span class='ocrx_word' id='word_1_6' title='bbox 1085 1437 1196 1503; x_wconf 88' lang='lat' dir='ltr'>Punici</span> <span class='ocrx_word' id='word_1_7' title='bbox 1225 1461 1273 1505; x_wconf 90' lang='lat' dir='ltr'>se-</span> 
     </span>
     <span class='ocr_line' id='line_1_2' title="bbox 168 1543 1273 1629; baseline 0.007 -20"><span class='ocrx_word' id='word_1_8' title='bbox 168 1543 267 1609; x_wconf 89' lang='lat' dir='ltr'>cundi</span> <span class='ocrx_word' id='word_1_9' title='bbox 289 1543 461 1609; x_wconf 76' lang='lat' dir='ltr'>traditione</span> <span class='ocrx_word' id='word_1_10' title='bbox 482 1545 652 1629; x_wconf 90' lang='lat' dir='ltr'>praecipue</span> <span class='ocrx_word' id='word_1_11' title='bbox 679 1546 718 1610; x_wconf 91' lang='lat' dir='ltr'>de</span> <span class='ocrx_word' id='word_1_12' title='bbox 744 1546 858 1613; x_wconf 79' lang='lat' dir='ltr'>tertiae</span> <span class='ocrx_word' id='word_1_13' title='bbox 880 1548 1007 1614; x_wconf 87' lang='lat' dir='ltr'>decadis</span> <span class='ocrx_word' id='word_1_14' title='bbox 1030 1550 1180 1616; x_wconf 88' lang='lat' dir='ltr'>Livianae</span> <span class='ocrx_word' id='word_1_15' title='bbox 1201 1552 1273 1617; x_wconf 83' lang='lat' dir='ltr'>fon-</span> 
     </span>
     <span class='ocr_line' id='line_1_3' title="bbox 166 1653 1271 1742; baseline 0.009 -23"><span class='ocrx_word' id='word_1_16' title='bbox 166 1653 254 1719; x_wconf 87' lang='lat' dir='ltr'>tibus</span> <span class='ocrx_word' id='word_1_17' title='bbox 276 1654 451 1733; x_wconf 90' lang='lat' dir='ltr'>institutas,</span> <span class='ocrx_word' id='word_1_18' title='bbox 473 1677 590 1739; x_wconf 89' lang='lat' dir='ltr'>magna</span> <span class='ocrx_word' id='word_1_19' title='bbox 612 1656 862 1723; x_wconf 80' lang='lat' dir='ltr'>doctissimorum</span> <span class='ocrx_word' id='word_1_20' title='bbox 880 1666 976 1742; x_wconf 88' lang='lat' dir='ltr'>atque</span> <span class='ocrx_word' id='word_1_21' title='bbox 989 1662 1271 1729; x_wconf 86' lang='lat' dir='ltr'>eruditissimorum</span> 
     </span>
     <span class='ocr_line' id='line_1_4' title="bbox 110 1751 1272 1857; baseline 0.009 -27"><span class='ocrx_word' id='word_1_22' title='bbox 110 1751 114 1755; x_wconf 31' lang='lat'><strong>¹</strong></span> <span class='ocrx_word' id='word_1_23' title='bbox 167 1767 312 1831; x_wconf 82' lang='lat' dir='ltr'>virorum</span> <span class='ocrx_word' id='word_1_24' title='bbox 329 1767 431 1849; x_wconf 84' lang='lat' dir='ltr'>copia,</span> <span class='ocrx_word' id='word_1_25' title='bbox 453 1766 509 1848; x_wconf 92' lang='lat' dir='ltr'>qui</span> <span class='ocrx_word' id='word_1_26' title='bbox 530 1768 594 1831; x_wconf 89' lang='lat' dir='ltr'>illis</span> <span class='ocrx_word' id='word_1_27' title='bbox 615 1769 680 1832; x_wconf 91' lang='lat' dir='ltr'>iam</span> <span class='ocrx_word' id='word_1_28' title='bbox 701 1768 922 1847; x_wconf 90' lang='lat' dir='ltr'>incubuerunt,</span> <span class='ocrx_word' id='word_1_29' title='bbox 945 1772 1091 1850; x_wconf 87' lang='lat' dir='ltr'>occurrit,</span> <span class='ocrx_word' id='word_1_30' title='bbox 1115 1778 1151 1837; x_wconf 91' lang='lat' dir='ltr'>ut</span> <span class='ocrx_word' id='word_1_31' title='bbox 1171 1796 1272 1857; x_wconf 90' lang='lat' dir='ltr'>paene</span> 
     </span>
     <span class='ocr_line' id='line_1_5' title="bbox 166 1879 1271 1967; baseline 0.006 -24"><span class='ocrx_word' id='word_1_32' title='bbox 166 1898 227 1943; x_wconf 85' lang='lat' dir='ltr'>nos</span> <span class='ocrx_word' id='word_1_33' title='bbox 255 1898 326 1942; x_wconf 86' lang='lat' dir='ltr'>eam</span> <span class='ocrx_word' id='word_1_34' title='bbox 354 1879 570 1959; x_wconf 87' lang='lat' dir='ltr'>quaestionem</span> <span class='ocrx_word' id='word_1_35' title='bbox 599 1879 702 1944; x_wconf 88' lang='lat' dir='ltr'>denuo</span> <span class='ocrx_word' id='word_1_36' title='bbox 729 1880 872 1962; x_wconf 83' lang='lat' dir='ltr'>attigisse</span> <span class='ocrx_word' id='word_1_37' title='bbox 893 1882 1096 1947; x_wconf 86' lang='lat' dir='ltr'>excusatione</span> <span class='ocrx_word' id='word_1_38' title='bbox 1119 1904 1198 1967; x_wconf 89' lang='lat' dir='ltr'>opus</span> <span class='ocrx_word' id='word_1_39' title='bbox 1220 1885 1271 1950; x_wconf 88' lang='lat' dir='ltr'>sit.</span> 
     </span>
     <span class='ocr_line' id='line_1_6' title="bbox 167 1990 1271 2070; baseline 0.006 -13"><span class='ocrx_word' id='word_1_40' title='bbox 167 1990 286 2057; x_wconf 87' lang='lat' dir='ltr'>Omnes</span> <span class='ocrx_word' id='word_1_41' title='bbox 306 1996 414 2056; x_wconf 91' lang='lat' dir='ltr'>tamen</span> <span class='ocrx_word' id='word_1_42' title='bbox 436 1991 611 2069; x_wconf 73' lang='lat' dir='ltr'>Bottoheri</span> <span class='ocrx_word' id='word_1_43' title='bbox 634 1991 672 2055; x_wconf 78' lang='lat' dir='ltr'>G.</span> <span class='ocrx_word' id='word_1_44' title='bbox 696 1991 838 2070; x_wconf 83' lang='lat' dir='ltr'>Soltavii,</span> <span class='ocrx_word' id='word_1_45' title='bbox 861 1991 1114 2061; x_wconf 86' lang='lat' dir='ltr'>Friedersdorffii</span> <span class='ocrx_word' id='word_1_46' title='bbox 1135 1997 1271 2065; x_wconf 88' lang='lat' dir='ltr'>aliorum</span> 
     </span>
     <span class='ocr_line' id='line_1_7' title="bbox 166 2100 1268 2188; baseline 0.005 -23"><span class='ocrx_word' id='word_1_47' title='bbox 166 2100 404 2166; x_wconf 76' lang='lat' dir='ltr'>dissertationes</span> <span class='ocrx_word' id='word_1_48' title='bbox 425 2102 513 2179; x_wconf 91' lang='lat' dir='ltr'>ideo,</span> <span class='ocrx_word' id='word_1_49' title='bbox 544 2107 581 2165; x_wconf 88' lang='lat' dir='ltr'>ut</span> <span class='ocrx_word' id='word_1_50' title='bbox 604 2100 681 2164; x_wconf 92' lang='lat' dir='ltr'>mihi</span> <span class='ocrx_word' id='word_1_51' title='bbox 703 2101 830 2182; x_wconf 90' lang='lat' dir='ltr'>quidem</span> <span class='ocrx_word' id='word_1_52' title='bbox 852 2101 993 2181; x_wconf 86' lang='lat' dir='ltr'>videtur,</span> <span class='ocrx_word' id='word_1_53' title='bbox 1022 2125 1089 2168; x_wconf 89' lang='lat' dir='ltr'>rem</span> <span class='ocrx_word' id='word_1_54' title='bbox 1111 2105 1153 2169; x_wconf 88' lang='lat' dir='ltr'>ad</span> <span class='ocrx_word' id='word_1_55' title='bbox 1174 2106 1268 2188; x_wconf 90' lang='lat' dir='ltr'>liqui·</span> 
     </span>
     <span class='ocr_line' id='line_1_8' title="bbox 158 2213 1270 2302; baseline 0.008 -26"><span class='ocrx_word' id='word_1_56' title='bbox 158 2213 244 2279; x_wconf 90' lang='lat' dir='ltr'>dum</span> <span class='ocrx_word' id='word_1_57' title='bbox 264 2235 330 2279; x_wconf 92' lang='lat' dir='ltr'>non</span> <span class='ocrx_word' id='word_1_58' title='bbox 350 2214 584 2297; x_wconf 89' lang='lat' dir='ltr'>perduxerunt,</span> <span class='ocrx_word' id='word_1_59' title='bbox 619 2213 705 2295; x_wconf 92' lang='lat' dir='ltr'>quod</span> <span class='ocrx_word' id='word_1_60' title='bbox 727 2213 869 2296; x_wconf 88' lang='lat' dir='ltr'>singulos</span> <span class='ocrx_word' id='word_1_61' title='bbox 896 2220 1021 2281; x_wconf 87' lang='lat' dir='ltr'>tantum</span> <span class='ocrx_word' id='word_1_62' title='bbox 1045 2219 1215 2302; x_wconf 87' lang='lat' dir='ltr'>scriptores</span> <span class='ocrx_word' id='word_1_63' title='bbox 1236 2221 1270 2285; x_wconf 92' lang='lat' dir='ltr'>in</span> 
     </span>
     <span class='ocr_line' id='line_1_9' title="bbox 169 2325 1274 2411; baseline 0.002 -20"><span class='ocrx_word' id='word_1_64' title='bbox 169 2326 431 2411; x_wconf 82' lang='lat' dir='ltr'>disceptationem</span> <span class='ocrx_word' id='word_1_65' title='bbox 454 2333 647 2391; x_wconf 87' lang='lat' dir='ltr'>vocaverunt</span> <span class='ocrx_word' id='word_1_66' title='bbox 669 2332 701 2391; x_wconf 89' lang='lat' dir='ltr'>et</span> <span class='ocrx_word' id='word_1_67' title='bbox 727 2326 761 2390; x_wconf 91' lang='lat' dir='ltr'>in</span> <span class='ocrx_word' id='word_1_68' title='bbox 790 2346 899 2390; x_wconf 89' lang='lat' dir='ltr'>eorum</span> <span class='ocrx_word' id='word_1_69' title='bbox 920 2325 1024 2391; x_wconf 81' lang='lat' dir='ltr'>fontes</span> <span class='ocrx_word' id='word_1_70' title='bbox 1045 2327 1274 2409; x_wconf 87' lang='lat' dir='ltr'>inquisiverunt</span> 
     </span>
     <span class='ocr_line' id='line_1_10' title="bbox 169 2438 1272 2521; baseline 0.004 -19"><span class='ocrx_word' id='word_1_71' title='bbox 169 2458 272 2519; x_wconf 90' lang='lat' dir='ltr'>neque</span> <span class='ocrx_word' id='word_1_72' title='bbox 297 2442 405 2503; x_wconf 89' lang='lat' dir='ltr'>tamen</span> <span class='ocrx_word' id='word_1_73' title='bbox 434 2461 539 2502; x_wconf 77' lang='lat' dir='ltr'>omnes</span> <span class='ocrx_word' id='word_1_74' title='bbox 568 2438 665 2502; x_wconf 78' lang='lat' dir='ltr'>simul</span> <span class='ocrx_word' id='word_1_75' title='bbox 692 2444 838 2505; x_wconf 90' lang='lat' dir='ltr'>auctores</span> <span class='ocrx_word' id='word_1_76' title='bbox 872 2445 1094 2521; x_wconf 86' lang='lat' dir='ltr'>respexerunt,</span> <span class='ocrx_word' id='word_1_77' title='bbox 1131 2441 1272 2521; x_wconf 87' lang='lat' dir='ltr'>quamvis</span> 
     </span>
     <span class='ocr_line' id='line_1_11' title="bbox 168 2547 1271 2632; baseline 0.001 -19"><span class='ocrx_word' id='word_1_78' title='bbox 168 2548 332 2613; x_wconf 88' lang='lat' dir='ltr'>Nissenius</span> <span class='ocrx_word' id='word_1_79' title='bbox 345 2549 437 2627; x_wconf 87' lang='grc'><strong>111110,</strong></span> <span class='ocrx_word' id='word_1_80' title='bbox 461 2549 516 2630; x_wconf 93' lang='lat' dir='ltr'>qui</span> <span class='ocrx_word' id='word_1_81' title='bbox 536 2548 707 2631; x_wconf 88' lang='lat' dir='ltr'>inscriptus</span> <span class='ocrx_word' id='word_1_82' title='bbox 731 2555 778 2614; x_wconf 90' lang='grc'>001</span> <span class='ocrx_word' id='word_1_83' title='bbox 799 2547 972 2627; x_wconf 86' lang='lat' dir='ltr'>„kritisohe</span> <span class='ocrx_word' id='word_1_84' title='bbox 989 2548 1271 2632; x_wconf 87' lang='lat' dir='ltr'>Untersuchungen</span> 
     </span>
     <span class='ocr_line' id='line_1_12' title="bbox 167 2658 1271 2741; baseline 0 -16"><span class='ocrx_word' id='word_1_85' title='bbox 167 2658 248 2725; x_wconf 85' lang='lat' dir='ltr'>iiber</span> <span class='ocrx_word' id='word_1_86' title='bbox 281 2660 333 2725; x_wconf 90' lang='lat' dir='ltr'>die</span> <span class='ocrx_word' id='word_1_87' title='bbox 360 2661 391 2724; x_wconf 88' lang='lat'>4.</span> <span class='ocrx_word' id='word_1_88' title='bbox 420 2683 450 2724; x_wconf 83' lang='lat' dir='ltr'>u.</span> <span class='ocrx_word' id='word_1_89' title='bbox 481 2660 511 2723; x_wconf 86' lang='lat'>5.</span> <span class='ocrx_word' id='word_1_90' title='bbox 543 2658 675 2724; x_wconf 88' lang='lat' dir='ltr'>Dekade</span> <span class='ocrx_word' id='word_1_91' title='bbox 703 2660 757 2724; x_wconf 90' lang='lat' dir='ltr'>des</span> <span class='ocrx_word' id='word_1_92' title='bbox 787 2659 913 2723; x_wconf 88' lang='lat' dir='ltr'>Livius“</span> <span class='ocrx_word' id='word_1_93' title='bbox 943 2663 1009 2723; x_wconf 86' lang='lat' dir='ltr'>tam</span> <span class='ocrx_word' id='word_1_94' title='bbox 1039 2658 1162 2741; x_wconf 88' lang='lat' dir='ltr'>egregie</span> <span class='ocrx_word' id='word_1_95' title='bbox 1190 2681 1271 2741; x_wconf 90' lang='lat' dir='ltr'>quae</span> 
     </span>
     <span class='ocr_line' id='line_1_13' title="bbox 171 2770 1271 2837; baseline 0 -1"><span class='ocrx_word' id='word_1_96' title='bbox 171 2771 312 2836; x_wconf 86' lang='lat' dir='ltr'>ineunda</span> <span class='ocrx_word' id='word_1_97' title='bbox 341 2775 424 2836; x_wconf 88' lang='lat' dir='ltr'>esset</span> <span class='ocrx_word' id='word_1_98' title='bbox 451 2772 535 2836; x_wconf 86' lang='lat' dir='ltr'>viam</span> <span class='ocrx_word' id='word_1_99' title='bbox 563 2793 601 2837; x_wconf 90' lang='lat' dir='ltr'>ac</span> <span class='ocrx_word' id='word_1_100' title='bbox 622 2772 779 2836; x_wconf 90' lang='lat' dir='ltr'>rationem</span> <span class='ocrx_word' id='word_1_101' title='bbox 803 2771 1059 2835; x_wconf 86' lang='lat' dir='ltr'>demonstrasset.</span> <span class='ocrx_word' id='word_1_102' title='bbox 1103 2770 1271 2837; x_wconf 87' lang='lat' dir='ltr'>Boettche-</span> 
     </span>
     <span class='ocr_line' id='line_1_14' title="bbox 167 2882 1271 2966; baseline 0.001 -17"><span class='ocrx_word' id='word_1_103' title='bbox 167 2904 261 2962; x_wconf 90' lang='lat' dir='ltr'>rum,</span> <span class='ocrx_word' id='word_1_104' title='bbox 283 2883 339 2966; x_wconf 91' lang='lat' dir='ltr'>qui</span> <span class='ocrx_word' id='word_1_105' title='bbox 359 2904 461 2966; x_wconf 91' lang='lat' dir='ltr'>nuper</span> <span class='ocrx_word' id='word_1_106' title='bbox 481 2883 543 2948; x_wconf 91' lang='lat' dir='ltr'>hac</span> <span class='ocrx_word' id='word_1_107' title='bbox 565 2882 604 2949; x_wconf 93' lang='lat' dir='ltr'>de</span> <span class='ocrx_word' id='word_1_108' title='bbox 625 2904 660 2948; x_wconf 92' lang='lat' dir='ltr'>re</span> <span class='ocrx_word' id='word_1_109' title='bbox 681 2883 857 2947; x_wconf 87' lang='lat' dir='ltr'>luculenter</span> <span class='ocrx_word' id='word_1_110' title='bbox 880 2882 1043 2962; x_wconf 86' lang='lat' dir='ltr'>disseruit,</span> <span class='ocrx_word' id='word_1_111' title='bbox 1081 2885 1216 2950; x_wconf 93' lang='lat' dir='ltr'>multum</span> <span class='ocrx_word' id='word_1_112' title='bbox 1237 2884 1271 2950; x_wconf 91' lang='lat' dir='ltr'>in</span> 
     </span>
     <span class='ocr_line' id='line_1_15' title="bbox 167 2991 1270 3078; baseline 0.001 -18"><span class='ocrx_word' id='word_1_113' title='bbox 167 2993 291 3078; x_wconf 88' lang='lat' dir='ltr'>Polybii</span> <span class='ocrx_word' id='word_1_114' title='bbox 312 2994 455 3075; x_wconf 87' lang='lat' dir='ltr'>Liviique</span> <span class='ocrx_word' id='word_1_115' title='bbox 483 2992 623 3058; x_wconf 86' lang='lat' dir='ltr'>fontibus</span> <span class='ocrx_word' id='word_1_116' title='bbox 653 2991 842 3075; x_wconf 85' lang='lat' dir='ltr'>indagandis</span> <span class='ocrx_word' id='word_1_117' title='bbox 865 2991 900 3055; x_wconf 82' lang='lat'>0.</span> <span class='ocrx_word' id='word_1_118' title='bbox 922 2992 1025 3057; x_wconf 89' lang='lat' dir='ltr'>Peteri</span> <span class='ocrx_word' id='word_1_119' title='bbox 1050 2994 1199 3076; x_wconf 88' lang='lat' dir='ltr'>opinione</span> <span class='ocrx_word' id='word_1_120' title='bbox 1219 3017 1270 3061; x_wconf 90' lang='lat' dir='ltr'>re-</span> 
     </span>
     <span class='ocr_line' id='line_1_16' title="bbox 165 3103 1268 3189; baseline -0.001 -17"><span class='ocrx_word' id='word_1_121' title='bbox 165 3107 272 3181; x_wconf 81' lang='lat' dir='ltr'>futata</span> <span class='ocrx_word' id='word_1_122' title='bbox 293 3105 464 3189; x_wconf 81' lang='lat' dir='ltr'>proiecisse</span> <span class='ocrx_word' id='word_1_123' title='bbox 485 3126 544 3187; x_wconf 91' lang='lat' dir='ltr'>pro</span> <span class='ocrx_word' id='word_1_124' title='bbox 566 3111 652 3170; x_wconf 86' lang='lat' dir='ltr'>certo</span> <span class='ocrx_word' id='word_1_125' title='bbox 674 3105 848 3182; x_wconf 83' lang='lat' dir='ltr'>habemus,</span> <span class='ocrx_word' id='word_1_126' title='bbox 882 3109 914 3168; x_wconf 88' lang='grc'>01</span> <span class='ocrx_word' id='word_1_127' title='bbox 935 3103 1055 3169; x_wconf 81' lang='lat' dir='ltr'>frustra</span> <span class='ocrx_word' id='word_1_128' title='bbox 1076 3104 1116 3168; x_wconf 91' lang='lat' dir='ltr'>H.</span> <span class='ocrx_word' id='word_1_129' title='bbox 1137 3105 1268 3171; x_wconf 89' lang='lat' dir='ltr'>Peterus</span> 
     </span>
     <span class='ocr_line' id='line_1_17' title="bbox 167 3215 1268 3298; baseline -0.001 -16"><span class='ocrx_word' id='word_1_130' title='bbox 167 3223 201 3283; x_wconf 90' lang='grc'>01</span> <span class='ocrx_word' id='word_1_131' title='bbox 220 3215 400 3282; x_wconf 80' lang='lat' dir='ltr'>Wiilfflinus</span> <span class='ocrx_word' id='word_1_132' title='bbox 420 3216 502 3281; x_wconf 88' lang='lat' dir='ltr'>libro</span> <span class='ocrx_word' id='word_1_133' title='bbox 524 3215 669 3294; x_wconf 82' lang='lat' dir='ltr'>„Caelius</span> <span class='ocrx_word' id='word_1_134' title='bbox 691 3215 879 3298; x_wconf 84' lang='lat' dir='ltr'>Antipater“</span> <span class='ocrx_word' id='word_1_135' title='bbox 902 3215 1084 3280; x_wconf 90' lang='lat' dir='ltr'>Boettcheri</span> <span class='ocrx_word' id='word_1_136' title='bbox 1110 3218 1268 3297; x_wconf 88' lang='lat' dir='ltr'>quaestio-</span> 
     </span>
    </p>
   </div>
   <div class='ocr_carea' id='block_1_2' title="bbox 68 3324 1267 3964">
    <p class='ocr_par' dir='ltr' id='par_1_2' title="bbox 68 3324 1267 3508">
     <span class='ocr_line' id='line_1_18' title="bbox 68 3324 1267 3411; baseline -0.008 -11"><span class='ocrx_word' id='word_1_137' title='bbox 68 3376 79 3400; x_wconf 53' lang='grc'>1</span> <span class='ocrx_word' id='word_1_138' title='bbox 165 3328 261 3396; x_wconf 91' lang='lat' dir='ltr'>nibus</span> <span class='ocrx_word' id='word_1_139' title='bbox 282 3328 433 3411; x_wconf 84' lang='lat' dir='ltr'>neglectis</span> <span class='ocrx_word' id='word_1_140' title='bbox 455 3324 620 3410; x_wconf 88' lang='lat' dir='ltr'>Polybium</span> <span class='ocrx_word' id='word_1_141' title='bbox 641 3346 662 3389; x_wconf 89' lang='lat' dir='ltr'>a</span> <span class='ocrx_word' id='word_1_142' title='bbox 683 3324 772 3390; x_wconf 88' lang='lat' dir='ltr'>Livio</span> <span class='ocrx_word' id='word_1_143' title='bbox 801 3325 835 3388; x_wconf 94' lang='lat' dir='ltr'>in</span> <span class='ocrx_word' id='word_1_144' title='bbox 863 3325 954 3389; x_wconf 92' lang='lat' dir='ltr'>libris</span> <span class='ocrx_word' id='word_1_145' title='bbox 975 3325 1050 3389; x_wconf 86' lang='lat' dir='ltr'>XXI</span> <span class='ocrx_word' id='word_1_146' title='bbox 1071 3334 1103 3391; x_wconf 89' lang='lat' dir='ltr'>et</span> <span class='ocrx_word' id='word_1_147' title='bbox 1122 3325 1213 3390; x_wconf 87' lang='lat' dir='ltr'>XXII</span> <span class='ocrx_word' id='word_1_148' title='bbox 1232 3327 1267 3391; x_wconf 92' lang='lat' dir='ltr'>in</span> 
     </span>
     <span class='ocr_line' id='line_1_19' title="bbox 164 3437 788 3508; baseline -0.011 0"><span class='ocrx_word' id='word_1_149' title='bbox 164 3463 259 3508; x_wconf 87' lang='lat' dir='ltr'>usum</span> <span class='ocrx_word' id='word_1_150' title='bbox 281 3445 430 3505; x_wconf 79' lang='lat' dir='ltr'>vocatum</span> <span class='ocrx_word' id='word_1_151' title='bbox 452 3459 518 3505; x_wconf 89' lang='lat' dir='ltr'>esse</span> <span class='ocrx_word' id='word_1_152' title='bbox 539 3437 788 3503; x_wconf 87' lang='lat' dir='ltr'>affirmaverunt.</span> 
     </span>
    </p>

    <p class='ocr_par' dir='ltr' id='par_1_3' title="bbox 162 3549 1265 3964">
     <span class='ocr_line' id='line_1_20' title="bbox 251 3549 1264 3634; baseline -0.004 -17"><span class='ocrx_word' id='word_1_153' title='bbox 251 3551 366 3618; x_wconf 85' lang='lat' dir='ltr'>Omnia</span> <span class='ocrx_word' id='word_1_154' title='bbox 388 3557 503 3630; x_wconf 85' lang='lat' dir='ltr'>tamen,</span> <span class='ocrx_word' id='word_1_155' title='bbox 528 3550 668 3632; x_wconf 87' lang='lat' dir='ltr'>quaeda</span> <span class='ocrx_word' id='word_1_156' title='bbox 690 3550 766 3615; x_wconf 93' lang='lat' dir='ltr'>belli</span> <span class='ocrx_word' id='word_1_157' title='bbox 787 3550 899 3615; x_wconf 91' lang='lat' dir='ltr'>Punici</span> <span class='ocrx_word' id='word_1_158' title='bbox 920 3549 1049 3615; x_wconf 89' lang='lat' dir='ltr'>secundi</span> <span class='ocrx_word' id='word_1_159' title='bbox 1073 3550 1184 3634; x_wconf 90' lang='lat' dir='ltr'>primis</span> <span class='ocrx_word' id='word_1_160' title='bbox 1207 3571 1264 3614; x_wconf 90' lang='lat' dir='ltr'>an-</span> 
     </span>
     <span class='ocr_line' id='line_1_21' title="bbox 164 3650 1265 3742; baseline -0.005 -11"><span class='ocrx_word' id='word_1_161' title='bbox 164 3650 216 3731; x_wconf 87' lang='lat' dir='ltr'>nis</span> <span class='ocrx_word' id='word_1_162' title='bbox 241 3668 362 3730; x_wconf 87' lang='lat' dir='ltr'>veteres</span> <span class='ocrx_word' id='word_1_163' title='bbox 391 3661 607 3739; x_wconf 89' lang='lat' dir='ltr'>tradiderunt,</span> <span class='ocrx_word' id='word_1_164' title='bbox 643 3661 834 3742; x_wconf 86' lang='lat' dir='ltr'>perscrutati</span> <span class='ocrx_word' id='word_1_165' title='bbox 863 3680 928 3724; x_wconf 93' lang='lat' dir='ltr'>non</span> <span class='ocrx_word' id='word_1_166' title='bbox 956 3659 1057 3724; x_wconf 88' lang='lat' dir='ltr'>solum</span> <span class='ocrx_word' id='word_1_167' title='bbox 1080 3659 1220 3726; x_wconf 82' lang='lat' dir='ltr'>Caelium</span> <span class='ocrx_word' id='word_1_168' title='bbox 1244 3683 1265 3726; x_wconf 92' lang='lat' dir='ltr'>a</span> 
     </span>
     <span class='ocr_line' id='line_1_22' title="bbox 163 3769 1265 3852; baseline -0.004 -12"><span class='ocrx_word' id='word_1_169' title='bbox 163 3774 272 3852; x_wconf 84' lang='lat' dir='ltr'>Livio,</span> <span class='ocrx_word' id='word_1_170' title='bbox 306 3779 343 3838; x_wconf 89' lang='lat' dir='ltr'>ut</span> <span class='ocrx_word' id='word_1_171' title='bbox 363 3772 569 3838; x_wconf 87' lang='lat' dir='ltr'>Boettcherus</span> <span class='ocrx_word' id='word_1_172' title='bbox 591 3770 768 3847; x_wconf 86' lang='lat' dir='ltr'>existimat,</span> <span class='ocrx_word' id='word_1_173' title='bbox 805 3769 860 3833; x_wconf 90' lang='lat' dir='ltr'>sed</span> <span class='ocrx_word' id='word_1_174' title='bbox 886 3769 983 3834; x_wconf 90' lang='lat' dir='ltr'>alium</span> <span class='ocrx_word' id='word_1_175' title='bbox 1006 3789 1130 3852; x_wconf 91' lang='lat' dir='ltr'>quoque</span> <span class='ocrx_word' id='word_1_176' title='bbox 1155 3777 1265 3836; x_wconf 88' lang='lat' dir='ltr'>aucto-</span> 
     </span>
     <span class='ocr_line' id='line_1_23' title="bbox 162 3880 1264 3964; baseline -0.004 -15"><span class='ocrx_word' id='word_1_177' title='bbox 162 3904 233 3949; x_wconf 85' lang='lat' dir='ltr'>rem</span> <span class='ocrx_word' id='word_1_178' title='bbox 254 3885 432 3948; x_wconf 89' lang='lat' dir='ltr'>Romanum</span> <span class='ocrx_word' id='word_1_179' title='bbox 453 3881 614 3947; x_wconf 85' lang='lat' dir='ltr'>Valerium</span> <span class='ocrx_word' id='word_1_180' title='bbox 637 3881 796 3945; x_wconf 86' lang='lat' dir='ltr'>Antiatem</span> <span class='ocrx_word' id='word_1_181' title='bbox 819 3880 996 3946; x_wconf 90' lang='lat' dir='ltr'>adhibitum</span> <span class='ocrx_word' id='word_1_182' title='bbox 1023 3900 1091 3945; x_wconf 90' lang='lat' dir='ltr'>esse</span> <span class='ocrx_word' id='word_1_183' title='bbox 1112 3880 1264 3964; x_wconf 88' lang='lat' dir='ltr'>probatu-</span> 
     </span>
    </p>
   </div>
   <div class='ocr_carea' id='block_1_3' title="bbox 148 3998 580 4076">
    <p class='ocr_par' dir='ltr' id='par_1_4' title="bbox 148 3998 580 4076">
     <span class='ocr_line' id='line_1_24' title="bbox 148 3998 580 4076; baseline -0.016 -13"><span class='ocrx_word' id='word_1_184' title='bbox 148 3998 218 4063; x_wconf 84' lang='lat' dir='ltr'>&#39;ros</span> <span class='ocrx_word' id='word_1_185' title='bbox 240 4015 299 4060; x_wconf 90' lang='lat' dir='ltr'>nos</span> <span class='ocrx_word' id='word_1_186' title='bbox 320 4014 387 4060; x_wconf 89' lang='lat' dir='ltr'>esse</span> <span class='ocrx_word' id='word_1_187' title='bbox 409 4014 580 4076; x_wconf 85' lang='lat' dir='ltr'>speramus.</span> 
     </span>
    </p>
   </div>
   <div class='ocr_carea' id='block_1_4' title="bbox 0 0 1434 4612">
    <p class='ocr_par' dir='ltr' id='par_1_5' title="bbox 0 0 1434 4612">
     <span class='ocr_line' id='line_1_25' title="bbox 0 0 1434 4612; baseline 0 4"><span class='ocrx_word' id='word_1_188' title='bbox 0 0 1434 4612; x_wconf 95' lang='lat' dir='ltr'> </span> 
     </span>
    </p>
   </div>
  </div>
 </body>
</html>
