2858 4612
688 248 737 320 63

583 485 675 568 Liv.
705 485 848 569 XXII.

700 680 725 744 1.

250 814 276 859 c.
296 794 313 856 1
336 791 503 856 Gallorum
525 790 598 855 odia
617 791 651 854 in
665 790 886 869 Hannibalem,
908 792 962 874 qui
977 790 1130 856 mutando
1144 797 1261 858 uestem

165 905 341 986 capitisque
354 907 538 986 tegumenta
552 921 620 966 sese
633 901 675 967 ab
691 922 798 967 eorum
821 902 942 968 insidiis
965 903 1131 983 munierat,
1152 903 1261 970 6066-
1354 920 1358 927 ·

165 1016 209 1081 lio
229 1021 402 1081 namantur
424 1014 477 1094 (cf.
501 1013 567 1079 Pol.
591 1013 619 1076 3,
643 1014 692 1078 79.
718 1015 825 1095 1-5).

692 1124 732 1188 Π.

249 1256 277 1301 6.
296 1236 312 1297 l
334 1256 386 1300 res
405 1236 547 1300 urbanae
568 1240 751 1313 narrantur,
773 1255 852 1318 quas
867 1236 973 1302 Livius
991 1258 1030 1303 ex
1049 1238 1159 1304 eodem
1174 1238 1262 1304 fonte

165 1346 379 1412 hausit-unde
398 1346 480 1410 Plut.
503 1345 581 1411 Fab.
604 1368 632 1411 v.
656 1367 683 1410 c.
704 1345 725 1408 2
757 1367 775 1411 6
795 1345 923 1411 Valerio
945 1348 1089 1428 Antiate,
1118 1350 1264 1432 prodigia

166 1479 338 1541 eorumque
358 1459 612 1543 procurationes,
634 1457 817 1523 Saturnalia
837 1458 992 1523 instituta.

687 1566 743 1632 IH.

251 1702 278 1747 c.
294 1679 378 1745 2-7
400 1679 435 1745 in
455 1678 645 1744 Hannibalis
665 1699 722 1762 per
743 1678 893 1762 paludem
915 1680 1029 1746 itinere
1050 1689 1082 1748 et
1102 1683 1136 1749 in
1156 1702 1264 1769 pugna
1284 1764 1290 1777 .

167 1795 209 1861 ad
229 1794 251 1859 l.
273 1773 500 1859 Trasumenum
523 1791 707 1856 enarrandis
730 1790 836 1856 Livius
859 1790 1000 1858 Caelium
1022 1796 1181 1878 sequitur,
1203 1796 1265 1862 Po-

167 1906 272 1990 lybius
286 1903 316 1967 3.
334 1900 459 1965 78-79
483 1901 632 1966 Silenum.
677 1902 883 1967 Boettcherus
899 1903 1020 1969 Livium
1037 1905 1265 1990 Polybiumque

169 2017 204 2080 in
225 2035 263 2080 ea
283 2035 318 2078 re
339 2013 422 2077 inter
443 2031 477 2077 se
499 2009 624 2076 differre
645 2012 812 2091 existimat,
834 2014 920 2095 quod
941 2015 1090 2100 Polybius
1112 2018 1192 2084 duas
1213 2040 1267 2084 eo-

168 2124 238 2189 dem
260 2129 402 2206 tempore
423 2141 546 2206 pugnas
568 2122 752 2186 commissas
773 2121 951 2203 tradiderit,
972 2126 1105 2192 alteram
1122 2128 1156 2193 in
1170 2128 1262 2208 valle,

167 2237 301 2303 alteram
323 2235 366 2301 ad
387 2235 511 2311 boum,
542 2231 664 2297 Livium
694 2238 801 2299 mmen
830 2256 925 2301 unam
952 2241 1079 2304 tantum
1106 2241 1140 2304 in
1165 2241 1265 2320 valle;

168 2349 373 2430 quamobrem
404 2347 441 2410 B.
473 2346 596 2411 Livium
627 2344 691 2409 iam
723 2346 757 2409 in
789 2367 896 2429 pugna
931 2349 1137 2417 describenda
1174 2353 1264 2418 illum

167 2459 364 2544 scriptorem,
386 2476 480 2539 quem
500 2454 534 2519 in
555 2453 661 2518 caedis
683 2475 814 2519 numero
831 2457 952 2536 laudat,
974 2458 1108 2525 Fabium
1122 2466 1266 2528 secutum

140 2544 237 2636 ‘esse
260 2569 424 2634 ostendere
446 2572 556 2632 tentat.
609 2567 734 2631 Caelius
762 2573 870 2632 tamen
897 2569 959 2635 hoc
989 2570 1061 2636 loco
1089 2572 1264 2638 Romanam

170 2681 524 2765 Carthaginiensemque
539 2680 754 2743 narrationem
769 2680 1005 2760 contaminavit,
1022 2681 1171 2766 Polybius
1181 2689 1266 2749 certe

168 2793 310 2860 Silenum
330 2793 432 2857 solum
453 2795 614 2856 auctorem
637 2791 787 2870 sequitur.
831 2790 879 2855 De
900 2792 1043 2857 locorum
1058 2795 1120 2859 situ
1134 2801 1267 2878 uterque

170 2903 332 2987 conspirat

347 3012 413 3079 aiv.
436 3011 489 3075 22.
510 3010 533 3073 4
861 3011 970 3096 Polyb.
994 3014 1024 3078 3.
1047 3014 1097 3079 83.
1124 3017 1205 3079 1-5

258 3146 276 3191 6
297 3124 405 3190 Caelio
428 3160 465 3172 -
491 3122 598 3186 Sileno
956 3145 974 3190 6
996 3125 1103 3191 Sileno

172 3256 267 3320 porro
288 3254 413 3317 quoque
432 3233 467 3298 in
489 3232 585 3298 caede
606 3231 640 3296 in
661 3232 734 3297 lacu
755 3234 935 3299 enarranda

300 3345 367 3411 Liv.
389 3344 441 3410 22.
464 3344 484 3407 6
869 3345 936 3411 Pol.
960 3345 988 3409 3.
1012 3345 1063 3411 84.
1086 3348 1183 3417 9..10

171 3459 241 3521 tum
262 3475 387 3539 quoque
408 3462 540 3537 uterque
561 3453 661 3519 tradit
680 3454 753 3519 illos
775 3455 860 3519 6000
874 3458 911 3521 R.
927 3457 1021 3541 primi
1035 3460 1169 3542 agminis
1185 3460 1267 3543 (Pol.

172 3571 238 3630 τῶν
258 3564 342 3631 κατὰ
363 3563 421 3631 τὸν
437 3559 579 3650 αι’λῶνα)
602 3566 769 3649 praecipue
783 3566 825 3631 ad
841 3566 1031 3633 deditionem
1046 3575 1173 3636 coactos
1188 3592 1265 3638 esse.

303 3678 368 3742 Liv.
392 3676 443 3740 22.
468 3676 488 3739 6
863 3675 970 3760 Polyb.
994 3679 1023 3741 3.
1047 3677 1096 3743 84.
1122 3679 1162 3743 14

268 3790 351 3855 fame
369 3790 510 3855 instante
875 3784 1030 3876 ποικίλης
1050 3786 1163 3869 αὐτοῖς

825 3890 968 3985 ἀπορίας
988 3897 1219 3990 neeessariam,

174 4011 229 4077 ubi
250 4010 287 4075 B.
310 4015 478 4092 utrumque
499 4008 676 4076 consentire
697 4010 832 4094 negavit.
