2858 4612
687 284 735 356 25

626 498 685 552 Pol.
703 503 728 554 3.
747 500 789 552 33.

163 589 181 658 d
212 593 249 660 δὲ
277 588 503 680 πρεσβύτατος
533 586 641 658 αήτῶν
671 589 779 676 δείξας
804 597 876 672 τοῖς
902 591 1004 680 ἐντῷ
1026 590 1180 681 συνεδρίῳ
1200 593 1258 661 τὸν

161 702 304 788 κόλπον,
342 704 488 772 ἐνταῦθα
512 705 569 771 καὶ
594 703 652 772 τὸν
673 703 819 789 πόλεμον
840 701 952 795 αὐτοῖς
973 703 1035 796 ἔφη
1057 705 1113 773 καὶ
1133 705 1192 796 τήν
1213 704 1258 775 εἰ-

162 813 258 904 ρήνην
279 815 397 906 φέρειν·
419 813 565 900 ἐκβαλὼν
588 807 643 881 οὖν
664 811 824 904 ὁπότερον
844 809 885 882 dv
905 813 1100 884 κελεύσωσιν
1122 813 1258 885 α’πολεί-

163 950 249 995 πειν.
271 967 314 977 -
348 925 367 993 ὁ
390 926 426 994 δὲ
446 915 600 1012 βασιλεὺς
621 931 686 993 τῶν
706 933 809 1015 Καρχ.
831 923 992 1015 ὁπότερον
1013 923 1127 1008 αὐτοῖς
1147 925 1258 1017 φαίνε-

162 1065 227 1121 ται,
249 1035 337 1107 τοῦτ’
352 1039 502 1125 ἐκβαλεῖν
523 1040 678 1108 ἐκέλευσε.
697 1081 737 1092 -
769 1046 829 1107 τοῦ
852 1041 888 1108 δὲ
905 1035 1070 1124 Ῥωμαίου
1091 1038 1257 1131 φήσαντος

163 1150 219 1219 τὸν
241 1149 387 1236 πόλεμον
409 1151 575 1238 ἐκβαλεῖν,
612 1148 822 1242 ἅνεφῶνησαν
840 1149 919 1236 ,ἅμα
946 1151 1002 1220 καὶ
1030 1151 1166 1233 πλείους
1191 1158 1262 1220 τῶν
1352 1151 1354 1155 ⁴

163 1261 200 1330 ἐκ
220 1268 280 1329 τοῦ
301 1260 477 1351 συνεδρίου,
500 1265 656 1346 δέχεσθαι
678 1261 868 1351 φάσκοντες.

597 1394 668 1462 App.
687 1393 761 1447 Iber.
781 1395 823 1448 55.

162 1486 181 1557 ὁ
203 1487 264 1572 μὲν
285 1486 486 1577 πρεσβευτής
509 1481 621 1567 αέτοῖς
641 1484 863 1574 γελώμενος
884 1485 946 1577 ἐφη
967 1486 1025 1555 τὸν
1044 1486 1170 1555 κόλπον
1185 1488 1259 1556 ἐπι-

121 1675 124 1688 ι
164 1599 289 1678 δεικνύς
318 1595 473 1682 ,ἐνταῦθ’
498 1595 589 1683 ῧμῖν,
622 1591 774 1686 ὦΚαρχ.
798 1597 854 1664 καὶ
883 1597 942 1687 τήν
970 1594 1097 1688 εἰρήνην
1124 1597 1259 1665 καὶτὸν

164 1707 310 1795 πόλεμον
332 1710 434 1799 φέρω·
457 1707 550 1795 ὑμεῖς
571 1709 600 1776 d’
614 1706 759 1805 ὁπότερα
781 1708 932 1800 αῖρεῖσθε
954 1709 1153 1797 λάβετε“.-
1174 1705 1260 1778 ote'

163 1819 290 1912 ἐλμασαν
311 1821 374 1905 „od
395 1823 456 1908 μὲν
477 1815 535 1890 οὖν
555 1814 576 1889 ὃ
598 1822 710 1908 βούλει
726 1821 849 1891 δίδουίῑ.
890 1821 1121 1912 προτείναντος
1143 1823 1259 1892 dordr

164 1931 310 2019 πόλεμον
333 1932 507 2023 ἐξεβόησαν
529 1932 614 2019 ὁμοῦ
635 1933 758 2015 πάντες
779 1933 998 2020 ,,δεχόμεθα“.

159 2134 162 2139 ¹
466 2066 534 2119 Zon.
552 2067 577 2119 8.
597 2068 640 2119 22.
660 2066 705 2136 (ef.
724 2067 777 2121 Dio
797 2067 824 2122 G.
844 2070 886 2123 55.
908 2070 947 2123 10.

56 2221 62 2227 .
162 2155 180 2225 ὁ
203 2155 343 2245 Μάρκος
364 2154 382 2225 ὁ
408 2155 534 2243 Φάβιος
562 2158 621 2239 τὰς
648 2165 756 2246 χεῖρας
777 2157 845 2226 ὑπὸ
867 2159 902 2228 τί
928 2158 1060 2247 ἱμάτιον
1080 2159 1259 2247 ὖποβαλών

163 2269 220 2338 καὶ
240 2267 408 2351 ὑπτιάσας
428 2265 527 2351 αὐτὸς
548 2270 619 2361 ἐφη·
643 2271 706 2358 ἐγώ
719 2274 780 2357 μέν
795 2270 935 2357 ἐνταῦθ’,
958 2265 1111 2363 ιῖιΚαρχ,
1134 2273 1190 2340 καὶ
1203 2272 1260 2341 τὸν

165 2379 312 2465 πόλεμον
339 2382 395 2448 καὶ
423 2381 482 2473 τήν
508 2379 632 2473 εἰρήνην
658 2383 763 2472 φέρω,
797 2382 892 2469 ὑμεῖς
913 2385 949 2452 δὲ
971 2381 1131 2470 ὁπότερον
1153 2379 1259 2450 αὐτῶν

164 2491 337 2581 βούλεσθε,
355 2493 483 2562 ἕλεσθε·
498 2493 749 2581 ἀποκριθέντων
763 2497 799 2564 δέ
813 2497 989 2586 μηδέτερον
1002 2496 1063 2582 μὲν
1078 2494 1258 2586 αἱρεῖσθαι,

165 2605 323 2689 δέχεσθαι
350 2602 378 2671 d'
400 2603 539 2689 ἑτοίμως
566 2602 727 2694 ὁπότερον
753 2605 1029 2697 καταλείψουσιν,
1065 2605 1260 2697 ἐπήγγειλαν

164 2712 276 2796 αὐτοῖς
298 2711 415 2784 αὐτίκα
435 2715 493 2785 τὸν
513 2715 668 2802 πόλεμον.

619 2848 803 2903 Liv.21.1e.

164 2954 233 3015 tum
255 2927 416 3013 Romanus
437 2947 507 3012 sinu
530 2967 547 3012 e
568 2951 643 3030 toga
664 2945 750 3011 facto
772 2944 861 3024 ‚,hio,
890 2946 1011 3028 inquit,
1033 2946 1121 3012 vobis
1141 2946 1260 3013 bellum

165 3058 327 3145 et''paeem
348 3063 528 3142 portamus3
550 3063 657 3122 utrum
678 3057 792 3142 placet,
816 3056 959 3122 sumite“.
981 3057 1039 3122 sub
1054 3057 1138 3122 hene
1152 3078 1260 3125 vocem

67 3167 72 3175 '
165 3170 251 3237 haud
272 3171 376 3236 minus
399 3169 553 3248 ferociter,
575 3167 675 3247 daret,
697 3172 801 3231 utrum
824 3166 928 3244 vellet,
950 3167 1179 3234 succlamatum
1201 3174 1260 3235 est.

165 3286 199 3348 et
220 3302 291 3347 oum
319 3280 359 3345 iis
386 3281 500 3344 iterum
529 3280 600 3344 sinu
629 3277 727 3342 effuso
755 3276 873 3341 bellum
897 3276 974 3340 dare
996 3277 1141 3357 dixisset,
1177 3281 1261 3345 aoei-

165 3396 253 3477 pere'
268 3413 302 3457 se
331 3412 440 3458 omnes
467 3390 713 3476 responderunt,
745 3394 778 3456 et
799 3388 913 3472 quibus
935 3389 1115 3475 acciperent
1135 3391 1259 3471 animis,

163 3504 264 3571 isdem
285 3525 318 3570 se
340 3510 491 3588 gesturos.

251 3614 422 3695 Diodorus,
445 3613 609 3698 Polybius,
630 3613 736 3678 Livius
757 3611 857 3678 Fabio
877 3611 1054 3697 proximam
1074 3611 1261 3679 relationem

164 3726 333 3794 tradidisse
355 3727 432 3791 mihi
452 3726 614 3805 videntur,
637 3746 708 3790 oum
730 3747 747 3791 e
768 3725 867 3791 Fabio
888 3726 958 3810 ipso
979 3725 1152 3792 hauserint.

250 3840 424 3905 Diodorum
453 3844 560 3905 tamen
589 3860 654 3904 nou
682 3861 699 3905 e
717 3839 864 3924 Polybio,
885 3839 1022 3923 pendere
1043 3839 1066 3904 f.
1090 3841 1132 3904 22
1154 3841 1262 3907 Vioto-

164 3952 319 4022 melorum
341 3953 533 4036 expugnatio
555 3957 686 4018 narrata
708 3951 760 4033 (ef.
778 3951 844 4016 Liv.
862 3953 912 4016 21.
929 3952 986 4036 57)
1009 3953 1155 4033 ostendit,
1179 3974 1262 4037 quae

164 4083 186 4130 a
206 4063 338 4149 Polybio
359 4085 424 4130 non
446 4070 605 4130 narratur.
