2858 4612
735 253 783 326 58

209 472 348 517 summus
382 451 462 518 Livii
491 455 674 540 Polybiique
706 459 740 522 in
769 458 1074 546 Carthaginiensium
1107 460 1303 527 orationibus

209 583 378 630 consensus
402 565 628 633 demonstrant.
677 568 800 635 Livium
829 571 862 635 in
892 572 1134 639 limisano.
1165 573 1304 639 conscri-

207 671 317 740 bendis
332 675 463 741 Fabium
486 699 611 761 quoque
631 680 803 764 inspexisse
825 704 842 747 e
864 683 930 751 Liv.
949 686 975 750 1.
998 684 1050 763 44,
1071 691 1104 751 01
1117 686 1176 766 55;
1197 685 1227 750 2.
1242 685 1295 765 40,

101 850 107 859 ,
209 785 239 852 8.
262 785 313 867 30,
339 789 387 853 10.
411 789 463 868 37,
485 791 536 854 22.
561 791 578 854 l
601 792 750 859 videmus.

727 932 783 998 ΙΠ.

293 1088 319 1132 0.
336 1067 463 1132 21-24
484 1069 673 1137 Hannibalis
694 1072 771 1138 belli
791 1077 974 1156 apparatus,
996 1073 1151 1138 somnium
1169 1073 1247 1154 [010.
1263 1074 1304 1141 (10

208 1175 268 1240 div.
294 1179 320 1242 1.
343 1177 394 1241 24.
416 1179 458 1243 49
482 1202 499 1246 0
521 1179 641 1269 Caelio)
671 1187 704 1247 et
730 1182 772 1248 ad
794 1182 984 1247 Rhodanum
1005 1182 1175 1248 adventum
1196 1184 1303 1251 Livius

207 1293 244 1353 ut
264 1287 434 1356 Boettcher
455 1292 519 1357 iam
541 1294 689 1373 ostendit,
711 1316 728 1361 e
751 1294 857 1361 Caelio
878 1301 990 1361 narrat
1012 1305 1056 1379 (p.
1078 1295 1141 1360 378
1163 1295 1218 1379 11).

725 1457 778 1523 IV.

292 1614 319 1660 0.
342 1594 384 1659 25
406 1595 460 1675 (01.
483 1594 549 1660 Pol.
573 1597 603 1661 3.
624 1597 682 1683 40)
711 1597 860 1664 Boiorum
882 1597 1123 1681 Insubriumque
1149 1600 1303 1666 tumultus

206 1712 364 1772 narratur.
415 1708 462 1773 De
483 1709 718 1775 triumvirorum
739 1730 766 1774 a.
792 1732 820 1775 a.
843 1733 871 1776 a.
896 1710 1075 1775 nominibus
1098 1710 1203 1775 Livius
1225 1732 1304 1793 qua-

206 1824 280 1884 tuor
300 1819 487 1885 traditiones
514 1825 657 1885 recenset
685 1820 810 1903 (Fabii,
844 1819 982 1898 Claudii,
1015 1820 1134 1886 Valerii
1156 1821 1302 1900 Antiatis,

206 1930 351 1997 Pisonis?
395 1931 434 1998 cf.
458 1953 489 2016 p.
510 1931 578 2014 45).

291 2042 441 2126 Polybius
468 2079 509 2091 -
532 2042 619 2108 haud
641 2043 735 2108 dubie
757 2042 891 2107 Fabium
913 2049 1038 2110 secutus
1064 2084 1096 2093 -
1129 2045 1161 2110 0.
1185 2044 1304 2111 Lutatii

205 2175 320 2220 nomen
341 2160 466 2220 tantum
488 2155 604 2234 tradit,
632 2157 712 2220 alios
741 2155 819 2221 duos
847 2159 1022 2238 praetorios
1050 2157 1147 2222 fuisse
1175 2152 1222 2241 (oi
1244 2153 1302 2222 δύο
1390 2158 1397 2173 ’

204 2261 264 2352 τὴν
285 2258 480 2346 ἑξαπέλεκον
500 2260 599 2350 ἀρχὴν
620 2260 814 2351 εἰληφότες),
859 2265 982 2331 Mutina
997 2274 1186 2351 oppugnata,
1207 2269 1302 2351 legat'

205 2377 239 2440 in
261 2377 426 2460 colloquiis
448 2376 542 2459 capti,
565 2375 601 2440 L.
623 2375 770 2455 Manlius,
794 2376 848 2457 qui
870 2376 908 2441 iis
930 2377 1048 2441 auxilio
1070 2379 1165 2456 venit,
1194 2378 1228 2442 in
1250 2379 1305 2442 sil-

206 2488 252 2554 vis
274 2488 365 2554 clade
385 2487 522 2553 afflictus
544 2487 585 2553 ab
607 2493 742 2569 utroque
764 2487 874 2553 eodem
896 2488 963 2553 fere
983 2488 1078 2553 modo
1099 2494 1281 2554 narrantur.

291 2599 397 2664 Livius
419 2605 524 2665 tamen
547 2599 589 2664 ad
612 2599 804 2681 colloquium
828 2606 975 2665 evocatos
997 2620 1064 2665 esse
1085 2600 1221 2683 legatos,
1244 2603 1304 2666 Ρο-

142 2756 145 2761 -
206 2713 309 2798 lybius
330 2712 510 2777 triumviros
532 2709 634 2775 Gallie
656 2710 849 2792 colloquium
860 2712 1081 2793 proposuisse,
1103 2711 1209 2775 Livius
1224 2711 1303 2776 duas

205 2823 239 2888 in
260 2821 346 2886 silvis
368 2841 490 2905 pugnas
506 2821 688 2887 commissas
703 2842 781 2899 esse,
803 2820 952 2905 Polybius
973 2841 1068 2884 unam
1090 2820 1124 2884 in
1145 2819 1233 2899 silva,
1256 2820 1304 2885 al-

205 2936 307 2998 teram
331 2933 378 2997 10
393 2931 543 3012 collibus,
579 2936 713 3014 uterque
733 2926 893 2998 Romanos
914 2931 1049 2997 Tanneti
1075 2931 1214 2997 inclusos
1235 2951 1303 2996 esse

204 3044 305 3135 tradit
326 3043 409 3128 (Liv.
430 3041 606 3107 Tannetum
627 3041 670 3107 ad
690 3041 835 3125 Padum).

406 3156 466 3210 Liv.
485 3159 528 3211 21.
546 3157 589 3210 25.
866 3155 925 3209 Pol.
944 3157 969 3209 3.
987 3157 1031 3209 40.
1052 3158 1093 3209 12.

206 3250 303 3314 siloae
323 3254 400 3315 tune
423 3249 508 3314 circa
528 3248 611 3312 uiam
633 3253 734 3313 erant.
779 3241 811 3312 ol
828 3245 864 3313 δὲ
880 3250 977 3314 Βοῖοι
993 3243 1027 3314 ἔν
1047 3268 1117 3314 τισι
1138 3248 1303 3334 δρυμοῖς

205 3359 251 3425 ibi
272 3361 306 3425 in
319 3358 451 3424 insidias
466 3357 629 3437 (Manlius)
645 3378 736 3441 prae·
779 3351 1011 3440 ἑτοιμάσαντες
1022 3355 1159 3445 ἐνέδρας,
1177 3357 1245 3443 ἅμα
1257 3366 1302 3448 eq*
1407 3376 1411 3383 '

207 3473 356 3556 cipitatus
391 3473 492 3538 multa
537 3492 609 3535 cum
644 3470 740 3536 caede
782 3470 962 3556 προελθεῖν
994 3466 1053 3549 εἰς
1087 3471 1179 3551 τοὺς
1210 3469 1303 3539 15101-
1401 3554 1408 3562 Β

208 3606 335 3679 suorum
351 3605 443 3666 aegre
466 3584 498 3646 in
514 3592 732 3666 0001103000-
778 3582 862 3658 δοις
883 3576 1032 3659 τόπους
1054 3580 1302 3668 accomodatas

203 3717 263 3778 pos
278 3695 412 3760 emersit.
448 3695 502 3759 ubi
517 3715 627 3760 rursus
642 3695 736 3758 silvae
778 3686 982 3759 ἀπέκτειναν.
1045 3691 1121 3759 ἐπεὶ
1163 3693 1199 3760 δὲ
1237 3699 1303 3759 τῶν

207 3811 360 3887 10113100,
387 3813 455 3872 tum
477 3812 654 3889 postremos
684 3806 741 3872 ad·
782 3800 943 3893 ὖψηλῶν
964 3801 1121 3893 ἥψαντο
1141 3801 1299 3890 χωρίων,

208 3920 270 3985 orti
301 3919 363 3984 700
385 3919 450 3982 mil.
483 3918 684 3999 occiderunt,
721 3920 740 3983 6
784 3914 842 3983 ἐπὶ
859 3913 966 3981 ποσὸν
989 3915 1234 4004 συνέστησαν
1249 3913 1302 3983 οἷ’-

207 4020 298 4114 signa
318 4028 471 4095 ademere.
776 4051 840 4106 τως
855 4021 940 4093 ὥστε
952 4075 999 4094 ...
