2858 4612
733 245 782 318 46

302 448 332 530 c)
353 445 495 528 quidam:
518 445 551 509 P.
575 445 738 512 Cornelius
758 447 865 524 Asina,
888 444 921 510 0.
945 445 1090 528 Papirius
1112 443 1209 509 Maso.

214 633 218 642 Ι
301 558 337 644 d)
357 557 391 622 id
411 556 539 621 dubium
561 577 627 622 esse
648 558 783 639 legatinc
804 557 913 622 violati
935 557 1014 634 sint,
1043 578 1085 620 an
1107 557 1140 620 in
1161 556 1303 620 triumvi-

215 692 268 738 ros
289 692 318 734 a.
341 692 370 736 a.
392 691 420 734 a.
443 672 577 752 impetus
599 672 641 735 sit
662 671 773 736 factus.
818 672 924 735 Livius
946 671 1006 735 hoc
1028 671 1108 765 loco,
1130 677 1166 735 nt
1187 669 1238 733 27.
1260 669 1302 733 21

217 791 248 851 et
268 782 320 848 30.
345 783 383 846 19
407 782 591 847 relationem
613 805 634 848 a
655 789 686 848 et
707 784 728 849 d
750 786 900 866 sequitur,
925 804 1005 872 quae
1027 783 1099 848 illos
1113 784 1196 848 viros
1218 784 1304 865 lega-

217 897 267 956 tos
289 899 321 956 et
340 913 404 956 non
426 894 604 958 triumviros
625 902 718 960 vocat
739 902 771 961 et
791 897 974 979 posterioris
995 895 1156 960 annalium
1172 882 1303 976 scripto-

234 1004 261 1067 is
283 1008 346 1081 est3
379 1025 452 1069 uam
480 1005 698 1085 antiquissima
726 1005 868 1070 Fabiana
896 1006 1026 1070 traditio
1052 1004 1119 1067 Pol.
1142 1003 1170 1066 3.
1193 1002 1305 1067 40111-

219 1116 262 1180 cit
280 1101 397 1199 meis
424 1108 541 1199 ἄνδρας
568 1113 644 1194 τοὺς
673 1113 730 1181 a'rtl
757 1114 815 1204 τὴν
842 1113 999 1204 διαίρεσιν
1020 1120 1077 1202 τῆς
1097 1112 1202 1200 χώρας
1223 1108 1305 1180 ἅπε-

220 1225 449 1306 σταλμὲνους.“
944 1221 949 1229 ’

304 1339 338 1416 4)
368 1359 392 1402 c.
418 1337 458 1401 28
481 1340 607 1405 ‘variata
633 1341 782 1405 memoria
804 1340 1042 1424 elephantorum
1064 1358 1157 1420 super
1178 1335 1306 1400 Rhoda-

219 1470 296 1513 num
316 1448 560 1513 traiciendorum
574 1449 616 1514 ad
630 1451 806 1515 Romanum
821 1456 853 1515 et
867 1449 1158 1532 Carthaginiensem
1173 1447 1305 1529 scripto-

220 1580 285 1624 rem
304 1559 441 1642 pertinet
454 1559 495 1623 ad
511 1560 649 1624 Silenum
666 1559 845 1625 Caelianum
863 1567 894 1626 et
909 1561 1068 1624 Valerium
1084 1560 1242 1623 Antiatem
1251 1559 1264 1641 (
1266 1560 1305 1642 P).

305 1690 331 1733 c.
354 1668 394 1732 38
427 1669 554 1750 quidam
581 1654 739 1735 auctores
764 1670 974 1735 Hannibalem
1007 1669 1118 1750 quinto
1147 1688 1253 1733 mense
1286 1690 1306 1732 a

220 1781 409 1867 Carthagine
430 1781 520 1846 Nova
540 1784 574 1847 in
594 1783 719 1847 ltaliam
741 1785 929 1865 pervenisse,
949 1781 1007 1848 XV
1030 1782 1081 1847 die
1100 1782 1232 1865 Alpibus
1255 1803 1307 1847 su·

86 1912 89 1916 ·
219 1894 353 1975 peratis,
389 1893 443 1957 ubi
473 1893 611 1957 Caelium
641 1915 704 1958 non
734 1893 897 1977 Polybium
928 1900 1028 1960 vocat.
1079 1892 1203 1958 Caelius
1224 1890 1307 1957 enim

220 2004 259 2068 fr.
285 2003 323 2066 15
346 2009 377 2068 et
400 2003 439 2067 13
461 2002 697 2087 diligentissime
716 2004 836 2068 itineris
859 2005 1009 2086 spatium,
1041 2005 1125 2086 quod
1147 2002 1307 2067 Hannibal

221 2137 241 2180 a
263 2116 453 2198 Carthagine
474 2115 563 2179 Nova
583 2136 681 2197 usque
703 2115 744 2178 ad
768 2115 845 2181 Padi
874 2134 1001 2196 campos
1023 2113 1164 2191 transiit,
1200 2119 1231 2177 et
1253 2111 1308 2175 Al-

183 2234 184 2239 ’
220 2228 307 2310 pium
335 2225 561 2309 longitudinem
590 2227 752 2306 (1000000
772 2232 818 2309 p.)
848 2247 887 2291 ex
918 2225 1026 2290 eodem
1060 2226 1212 2308 scriptore
1245 2243 1308 2307 quc

221 2339 369 2422 Polybius
390 2337 494 2402 Sileno
515 2338 655 2403 tradidit.
975 2411 980 2418 .

173 2448 192 2473 '¹
449 2465 648 2519 castineria
893 2466 952 2519 1³01.
970 2468 993 2518 a.
1013 2467 1056 2521 aa.
1078 2469 1107 2518 11
1175 2472 1182 2482 ’

224 2561 348 2627 Caelius
369 2563 440 2626 hist.
464 2562 480 2626 I
502 2562 690 2628 duodeciens
732 2555 808 2624 ὥστ’
824 2552 907 2625 εἶναι
927 2557 1003 2637 τοὺς
1026 2556 1153 2636 πάντας
1175 2555 1211 2623 ἐκ
1226 2563 1310 2623 Και-

223 2676 258 2740 C.
281 2675 367 2739 milia
389 2696 537 2758 passuum
559 2675 660 2758 longe.
731 2676 787 2758 νῆς
796 2669 924 2748 πόλεως
936 2668 1087 2748 σταδίους
1100 2669 1177 2755 περὶ
1188 2669 1310 2747 ε”νακις-

732 2779 863 2865 χιλίους,
886 2772 941 2858 οὓς
956 2776 1182 2846 ὲόιιδιελθεῖν
1197 2773 1303 2844 αὐτόν.

308 2899 341 2975 6)
372 2920 397 2964 c.
420 2897 461 2962 38
484 2903 621 2979 quantae
642 2897 750 2979 copiae
770 2901 966 2977 transgresso
987 2893 1021 2957 111
1041 2892 1167 2958 Italiam
1188 2892 1310 2957 Hanni-

224 3010 288 3075 bali
310 3010 435 3089 fuerint,
457 3029 657 3090 nequaquam
679 3009 761 3072 inter
781 3012 925 3072 auctores
948 3011 1073 3071 constat
1161 3049 1169 3079 ι

308 3131 342 3200 a)
366 3121 420 3203 qur
440 3121 625 3203 plurimum:
650 3119 775 3183 rooooo
796 3141 826 3201 p.
851 3119 957 3181 aoooo
978 3138 1026 3199 eq.
1146 3092 1157 3207 ᾗ

306 3229 342 3311 b)
364 3230 418 3312 qui
439 3227 602 3293 minimum
624 3229 729 3292 20000
751 3251 781 3310 p.
804 3228 888 3291 6000
910 3248 957 3309 eq.
983 3227 1036 3309 (cf.
1058 3226 1125 3291 Pol.
1149 3226 1177 3289 3.
1201 3227 1267 3311 60.)

308 3349 340 3423 c)
363 3343 397 3407 L.
422 3342 547 3407 Cincius
569 3342 760 3406 Alimentus:
784 3339 889 3402 80000
910 3360 940 3422 p.
968 3340 1071 3403 10000
1093 3332 1140 3420 eq.

310 3454 343 3532 l)
369 3454 462 3536 vulgo
491 3453 628 3518 creditur
664 3449 875 3515 Hannibalem
911 3450 1049 3514 Poenino
1083 3455 1314 3532 transgressum

225 3585 302 3643 esse,
325 3564 466 3629 Caelium
489 3585 545 3647 per
567 3563 726 3627 Cremonis
748 3563 855 3644 iugum
876 3562 1039 3626 transiisse
1061 3562 1173 3627 dicere.

311 3675 345 3759 8)
369 3697 395 3740 c.
416 3675 458 3739 46
480 3674 693 3740 narrationem
715 3673 748 3735 Ρ.
772 3671 951 3736 Cornelium
972 3671 1149 3753 Scipionem
1170 3670 1212 3735 ad
1233 3670 1314 3735 Tici-

225 3808 302 3851 num
331 3807 351 3851 a
379 3785 445 3851 filio
473 3787 660 3869 pubescente
690 3787 846 3848 servatum
868 3803 935 3848 esse
958 3782 1127 3847 Caelianae
1148 3782 1313 3848 traditioni

226 3898 381 3982 praefert,
416 3899 471 3980 qui
492 3899 607 3974 servati
628 3895 764 3963 consulis
787 3895 881 3961 decus
903 3895 945 3959 ad
967 3915 1090 3960 servum
1112 3896 1240 3962 natione
1261 3896 1313 3959 Li-

216 4033 336 4096 gurem
358 4010 491 4094 delegat.
