2858 4612
675 255 724 330 19

146 461 231 522 tasse
245 455 444 539 comprobari
461 457 574 538 potest,
596 453 681 537 quod
702 453 857 539 Polybius
878 453 1053 521 Minucium
1073 455 1247 522 exercitum

147 562 324 628 Romanum
353 563 541 628 Gereonium
568 563 752 646 perduxisse
781 564 890 648 (101),
925 563 1033 630 Livius
1053 546 1198 632 ¹Fabium
1225 585 1247 632 a

148 670 304 737 Gereonio
326 672 459 737 Romam
478 669 655 756 profectum
677 693 745 739 esse
765 673 881 753 tradit,
913 694 985 740 oum
1006 674 1114 741 Livius
1134 676 1169 740 in
1189 676 1247 742 illa

146 787 238 866 parte
264 787 302 849 ut
328 783 518 862 videbimus,
550 784 670 851 Valerii
695 785 835 851 Antiatis
857 785 1031 853 Fabianam
1059 786 1246 855 relationem

147 901 307 979 aequatum.

231 1007 361 1074 Summa
381 1009 533 1075 dissensio
553 1010 637 1076 inter
657 1010 782 1077 Livium
802 1010 1030 1097 Polybiumque
1051 1016 1100 1078 est
1121 1010 1161 1077 de
1182 1011 1246 1079 Ge-

99 1194 101 1196 v
146 1119 254 1186 reonio
277 1125 371 1202 capto
720 1120 726 1137 “

149 1247 446 1316 umama
605 1251 790 1309 mmm
991 1241 1176 1340 mmm

145 1340 344 1434 ἀφικόμενος
357 1343 395 1410 δὲ
409 1343 495 1432 πρὸς
536 1347 660 1414 Poenus
690 1348 879 1415 Gereonium
921 1348 961 1415 H.
1007 1370 1066 1435 pro
1099 1348 1246 1416 Gereonii

145 1454 185 1523 rb
216 1453 387 1544 Γερούκιοκ
453 1496 495 1507 -
536 1461 881 1543 perveniturbemme·
922 1461 1087 1527 moenibus
1105 1461 1173 1527 eius
1191 1482 1246 1528 ur·

145 1564 238 1646 τούς
277 1567 347 1651 μὲν
388 1563 491 1657 citrei·¹
533 1575 586 1649 tu,
629 1573 704 1654 quia
738 1573 881 1657 collapsa
921 1572 971 1639 bis
1007 1580 1118 1655 caprae
1149 1577 1246 1656 atque

146 1702 264 1766 τορας
293 1681 493 1768 κατέφθειρε
534 1682 635 1746 ruinis
675 1703 750 1766 pars
794 1702 880 1747 moe·
921 1682 1069 1748 incensae
1089 1702 1110 1748 a
1130 1700 1164 1748 sc

145 1793 216 1859 κτλ.
533 1794 622 1859 nium
648 1799 734 1874 erat,
769 1816 792 1860 a
815 1793 881 1859 acio

533 1905 700 1971 decatum.

117 2104 120 2108 μ
230 2019 337 2085 Livius
358 2018 461 2102 primo
482 2017 562 2097 loco,
584 2023 621 2084 ut
641 2017 826 2098 videbimus,
847 2017 1024 2085 Romanam
1045 2018 1165 2085 Valerii
1180 2020 1247 2086 An·

144 2131 232 2198 tiatis
258 2130 444 2197 relationem
473 2129 634 2212 sequntur,
665 2134 776 2212 postea
802 2128 984 2196 Caelianam
1005 2114 1246 2215 Carthaginien·

146 2263 211 2310 sem
233 2262 358 2326 quoque
379 2241 564 2308 relationem
585 2239 715 2323 profert.

229 2354 406 2419 Romanum
434 2357 597 2417 auctorem
625 2349 765 2435 pudebat
790 2350 947 2416 sociorum
967 2349 1098 2434 indigne
1122 2372 1245 2436 perem-

143 2469 249 2530 torum
277 2484 380 2548 neque
408 2463 519 2528 auxilii
546 2462 623 2540 lati,
655 2460 804 2545 Polybius
834 2467 946 2526 contra
971 2483 1081 2527 verum
1111 2463 1246 2546 protulit

144 2572 436 2656 Carthaginiensem
457 2577 620 2636 auctorem
642 2569 782 2635 Silenum
806 2574 942 2636 secutus.

228 2705 255 2750 c.
276 2683 403 2748 95-99
432 2703 483 2749 res
511 2688 616 2766 gestas
644 2701 666 2747 a
692 2681 891 2766 Scipionibus
916 2682 950 2747 in
978 2681 1149 2766 Hispania,
1186 2682 1244 2750 Gn.

143 2798 267 2865 Servilii
287 2797 463 2866 maritimas
484 2794 716 2878 expeditiones,
747 2794 918 2878 Abelygem
939 2793 1064 2861 obsides
1087 2794 1246 2880 Hispano-

142 2929 215 2974 rum
240 2908 391 2972 Romanis
419 2905 589 2972 tradidisse
617 2904 833 2970 narrationem
856 2905 1020 2971 continent
1042 2925 1060 2972 e
1082 2907 1245 2989 scriptore,

143 3041 239 3104 quem
259 3019 293 3083 P.
316 3040 344 3084 c.
366 3018 407 3083 76
429 3023 554 3084 secutus
576 3024 641 3097 est,
662 3017 762 3084 Fabio
783 3022 840 3083 aut
862 3017 1019 3100 Scipione.

229 3152 255 3198 o.
279 3131 446 3196 loo-106
474 3128 664 3195 Hannibalis
693 3133 799 3195 eastra
829 3129 961 3195 hiberna
990 3127 1032 3192 ad
1055 3127 1244 3193 Gereonium

143 3264 173 3310 a.
195 3234 296 3325 wls,
328 3241 459 3309 Minucii
487 3243 527 3308 de
555 3241 745 3308 Hannibalis
775 3239 1057 3307 frumentatoribus
1085 3239 1245 3318 sicanas,

143 3354 450 3439 Carthaginiensium
465 3359 641 3421 castrorum
656 3353 932 3438 oppugnationem,
955 3374 972 3418 e
987 3352 1094 3418 Sileno
1114 3354 1244 3417 auctore

142 3470 276 3550 utputo
298 3471 426 3544 nerrat3
447 3486 522 3531 nam
541 3466 776 3531 accuratissime
798 3464 837 3531 de
858 3461 1172 3546 Carthaginiensibus
1193 3481 1245 3527 re·

142 3577 206 3642 fert
235 3576 368 3656 (ioue
395 3582 501 3642 caetra
530 3576 638 3642 Carth.
672 3577 711 3640 16
744 3572 864 3642 στάδια
895 3569 965 3639 ἀπὸ
998 3577 1058 3660 τῆς
1090 3569 1243 3655 πόλεως),

142 3686 331 3752 Hannibalis
352 3685 485 3751 consilia
508 3689 540 3750 et
561 3707 611 3750 res
633 3692 737 3768 gestas
758 3686 859 3751 multo
881 3684 1023 3749 exactius
1045 3685 1244 3769 persequitur

99 3880 100 3884 Ἰ
141 3815 238 3878 quam
265 3796 483 3862 Romanorum
513 3799 545 3860 et
573 3796 607 3860 in
635 3795 777 3874 ratione,
808 3814 873 3876 qua
893 3793 1011 3859 Fabius
1033 3797 1065 3858 et
1085 3793 1243 3860 Minucius

141 3907 225 3974 inter
239 3927 273 3973 se
287 3906 432 3973 dividunt
446 3907 585 3991 legiones
599 3908 736 3973 maxime
750 3904 857 3972 differt
870 3927 890 3971 a
904 3904 1037 3970 Liviana
1049 3905 1243 3985 narratione,

142 4040 225 4103 quae
254 4039 291 4086 eo
322 4019 392 4086 loeo
424 4026 462 4086 ut
494 4019 669 4086 videbimus
698 4018 819 4086 Valerii
847 4017 985 4084 Antiatis
1014 4018 1243 4085 accuratiorem

976 4135 1011 4192 2*
