2858 4612
290 367 348 423 Pol.
367 370 393 424 3.
413 371 472 424 113.
490 369 508 424 5
675 277 722 348 21
894 371 954 426 Liv.
973 371 1016 426 22.
1035 373 1070 426 86

322 464 325 468 ’
670 462 673 468 ’
837 468 960 538 (quidam
976 469 1118 540 auctores)

156 562 262 627 80000
282 585 314 646 p.
358 565 443 629 6000
464 585 512 647 eq.
535 566 625 631 Rom.
746 565 853 630 87200
874 589 905 650 p.
927 567 1016 632 Rom.

111 731 115 737 .
153 673 262 739 40000
283 725 302 755 ,,
339 677 443 740 10000
479 726 498 755 ,,
539 676 647 743 Carth.
747 677 854 743 40000
876 728 896 758 ,,
931 679 1035 744 10000
1057 700 1105 763 eq.
1127 679 1161 744 (l.

240 787 276 873 2)
297 788 331 853 in
351 789 418 854 acie
438 811 606 874 pugnaque
627 790 835 857 describenda

608 899 651 963 M.
677 901 791 966 Atilius

282 1010 318 1075 L.
340 1012 491 1076 Aemilius
582 1011 637 1076 On.
662 1012 812 1079 Servilius
902 1012 935 1077 0.
959 1015 1122 1080 Terentius

215 1112 385 1201 Ῥωμαίων
407 1114 527 1198 ἱππεῖς
654 1117 751 1201 πεζοί
865 1118 985 1200 ἱππεῖς
1007 1118 1181 1206 συμμάχων

634 1223 766 1312 εὔζωνοι

480 1343 657 1430 Βαλιαρεῖς
677 1368 706 1409 κ.
730 1341 925 1432 λογχοφόροι

239 1448 359 1532 ἱππεῖς
447 1459 483 1532 ¹0
507 1453 603 1536 πεζοὶ
646 1454 744 1537 πεζοί
789 1463 826 1538 ¹0
850 1452 948 1537 πεζοί
988 1452 1177 1540 Νομαδικοί

140 1558 273 1651 Ἴβηρες
281 1588 310 1627 κ.
318 1560 443 1630 Κελτοί
463 1560 592 1650 Λίβυες
621 1559 756 1652 Ἴβηρες
797 1563 928 1652 Λίβυες
1013 1564 1133 1648 ἱππεῖς

131 1680 135 1689 ’
606 1700 635 1741 κ.
652 1672 777 1741 Κελτοί

282 1787 441 1853 Asdrubal
654 1789 794 1854 Annibal
1009 1795 1102 1855 Anno

671 1901 766 1986 Mago

237 2015 329 2099 Apud
345 2015 620 2098 Carthaginienses
639 2015 875 2081 accuratissime
898 2014 1038 2099 singulas
1060 2015 1168 2099 copias
1190 2014 1252 2079 dif-

150 2124 229 2203 fert,
264 2125 300 2189 in
321 2126 465 2190 Romana
492 2131 582 2207 parte
609 2129 735 2189 tantum
756 2119 876 2204 πεζούς
899 2130 930 2190 et
953 2118 1082 2200 ἱππεῖς.
1126 2122 1253 2188 Lunata

149 2236 242 2314 acies,
264 2236 367 2301 media
388 2235 471 2300 acies
494 2234 617 2314 cedens,
639 2235 707 2299 Affi
731 2256 850 2299 cornua
871 2234 1023 2300 facientes
1043 2226 1253 2318 (ἔπ’ἆοπίδα

150 2352 182 2412 et
203 2343 262 2412 ἐπὶ
283 2343 360 2431 δόρυ
383 2341 596 2431 ἐγκλίναντες)
619 2368 638 2412 a
660 2347 782 2412 Graeco
804 2347 904 2412 milite
925 2352 1068 2426 tantum,
1102 2347 1157 2429 qui
1178 2347 1252 2412 huic

148 2480 274 2543 pugnae
295 2457 402 2537 affuit,
429 2464 495 2523 tam
517 2462 664 2523 accurate
686 2457 896 2522 demonstrari
918 2458 1031 2540 potuit.

235 2568 386 2646 Fabium,-
418 2589 512 2650 quem
541 2568 676 2633 Romani
703 2569 872 2650 optimates
902 2567 997 2651 paulo
1025 2572 1099 2650 post
1128 2566 1251 2633 cladem

150 2679 347 2745 Cannensem
368 2678 508 2761 Delphos
532 2679 699 2756 miserunt,
721 2679 775 2761 qui
796 2684 925 2744 senator
945 2678 1065 2742 Romae
1087 2682 1175 2756 erat,
1198 2677 1253 2760 qui

149 2790 280 2856 bellicas
308 2790 418 2855 laudes
434 2790 509 2855 'iam
540 2790 581 2853 10
607 2790 698 2855 annis
728 2795 803 2855 ante
831 2791 865 2854 in
895 2789 980 2855 bello
1007 2794 1119 2855 contra
1141 2788 1252 2853 Gallos

150 2909 238 2987 gesto
261 2908 442 2985 acceperat,
475 2922 599 2985 pugnae
627 2901 753 2966 affuisse
783 2908 815 2966 et
841 2909 908 2968 tam
937 2907 1085 2967 accurate
1106 2923 1176 2966 eam
1197 2901 1252 2966 de-

150 3013 286 3079 scribere
307 3013 446 3095 potuisse
468 3011 553 3076 haud
575 3011 743 3077 verisimile
763 3017 820 3076 est.

237 3124 272 3208 3>
294 3123 420 3188 variant
442 3123 591 3207 Polybius
612 3122 781 3204 Liviusqus
802 3123 836 3186 in
859 3121 998 3187 numeris
1021 3141 1183 3186 caesorum
1205 3121 1252 3186 ita

150 3241 187 3300 ut
206 3234 314 3300 Livius
336 3235 477 3299 exactius
498 3235 711 3299 Romanorum
733 3254 915 3312 numerum,
944 3231 1092 3317 Polybius
1116 3231 1252 3298 Cartha-

151 3345 338 3429 giniensium
359 3345 477 3409 tradat.

297 3454 358 3509 Pol.
376 3456 400 3508 3.
420 3456 481 3509 117.
499 3456 515 3508 3
901 3454 962 3508 Liv.
980 3456 1022 3507 22.
1043 3453 1086 3507 49.

271 3547 376 3612 70000
395 3548 486 3613 Rom.
510 3558 537 3624 †.
850 3547 958 3612 45500
982 3548 1072 3612 Rom.
1093 3557 1121 3623 †.

275 3660 379 3724 10000
421 3709 440 3738 ,,
505 3659 598 3742 capti.
873 3660 959 3724 2700
981 3679 1030 3741 eq.
1053 3659 1142 3723 Rom.
1166 3668 1194 3734 †.

339 3769 379 3833 70
400 3789 449 3852 eq.
472 3791 543 3834 cum
565 3769 707 3835 Varrone
784 3842 788 3849 .
905 3769 959 3852 (21
981 3768 1054 3834 trib.
1078 3769 1143 3834 mil.
1166 3775 1208 3850 †.)

472 3881 635 3948 Venusiae.
871 3879 956 3944 3000
978 3900 1010 3962 p.
1032 3879 1127 3962 capti.

318 3993 383 4058 300
404 4013 452 4076 eq.
475 3972 538 4060 soc.
562 3987 740 4080 σποράδην.
874 3991 957 4057 1500
979 4011 1027 4073 eq.
1060 4039 1079 4070 „

921 4102 956 4168 in
977 4123 1095 4188 pugna.
