2858 4612
204 471 245 516 ex
265 451 304 516 iis
324 452 380 533 qui
400 452 522 536 praelio

203 561 246 626 ad
267 561 412 627 Trebiam
435 563 664 646 superfuerant,

202 680 316 755 septem
340 673 385 755 (l)
407 674 560 753 absumti3
600 743 605 752 ,

205 785 339 867 denique
361 785 427 850 Liv.
450 787 500 850 22.
524 789 545 851 2
773 839 777 845 .
847 788 886 854 ef.
909 789 975 854 Pol.
999 789 1028 853 3.
1054 788 1103 858 79.
1130 789 1170 853 12

203 895 365 962 Hannibal
395 897 580 979 elephanto,
616 897 671 978 qui
870 895 930 962 ἐπὶ
958 901 1016 963 τοῦ
1047 895 1300 986 διαλειφθέντος

202 1026 285 1071 unus
307 1006 513 1088 superfuerat,
536 1014 673 1072 vectus.
700 1040 713 1072 .·
867 1004 996 1095 θηρίου.

287 1117 393 1183 Primo
414 1118 485 1184 loeo
507 1120 571 1201 (21.
595 1119 651 1200 58)
678 1120 784 1184 Livius
804 1119 896 1184 illum
917 1120 1081 1184 annalium
1103 1117 1298 1200 scriptorem,

202 1228 254 1294 oui
275 1228 382 1293 nullus
403 1229 437 1293 in
457 1231 595 1295 numeris
616 1230 780 1295 tradendis
802 1230 974 1296 mentiendi
995 1229 1106 1294 modus
1128 1234 1212 1307 erat,
1236 1228 1299 1293 Va-

201 1340 314 1406 lerium
337 1341 498 1406 Antiatem
519 1343 669 1423 sequitur,
691 1342 792 1407 altero
814 1342 866 1406 22.
889 1343 919 1419 2,
940 1346 978 1405 ut
998 1340 1035 1405 B.
1058 1339 1297 1416 demonstravit,

203 1453 352 1519 Coelium.

735 1645 767 1699 V.

288 1786 314 1830 c.
330 1766 453 1829 60--61
478 1785 529 1831 res
550 1786 579 1830 a.
595 1767 658 1830 218
679 1765 713 1830 in
734 1766 887 1850 Hispania
909 1787 929 1831 a
948 1764 1005 1830 Cn.
1022 1764 1166 1848 Scipione
1188 1770 1297 1848 gestae

202 1885 374 1943 narrantur
395 1898 413 1942 e
433 1882 538 1943 vetere
558 1877 702 1943 Romano
724 1879 892 1962 scriptore,
914 1884 950 1943 ut
971 1878 1051 1942 Livii
1072 1877 1224 1962 pecuniae
1246 1897 1299 1940 ra-

201 1991 246 2056 tio
268 1989 347 2069 „XX
368 1990 497 2055 talentis
518 1992 644 2074 argenti
665 1991 752 2073 pasti
773 1990 960 2069 deduntur‚“
983 1995 1015 2056 et
1035 1989 1133 2056 verba
1154 1991 1219 2069 „eis
1240 1988 1297 2053 Hi-

201 2103 332 2169 berum“
364 2122 567 2185 summusque
599 2123 770 2168 consensus
801 2102 884 2167 inter
917 2103 1038 2167 Livium
1070 2102 1299 2187 Polybiumque

202 2212 372 2278 ostendunt
393 2213 474 2293 (Pol.
497 2215 526 2277 3.
544 2213 608 2294 76).
653 2214 775 2280 Livium
797 2234 861 2278 non
883 2234 901 2279 e
922 2214 1052 2297 Polybio
1074 2212 1211 2297 pendere
1232 2214 1297 2278 iam

203 2324 409 2390 Boettoherus
431 2324 584 2405 ostendit,
607 2347 678 2392 eum
701 2325 807 2390 Livius
830 2324 930 2391 multo
951 2324 1051 2390 fusius
1072 2330 1190 2392 narret.

727 2515 772 2570 Vl.

288 2660 315 2703 o.
332 2639 373 2702 62
389 2644 421 2704 et
443 2639 485 2701 63
507 2660 558 2704 res
578 2639 720 2704 urbanae
741 2644 922 2717 narrantur,
943 2639 1088 2722 prodigia
1108 2658 1146 2703 ao
1169 2639 1297 2703 comitia

203 2750 246 2817 ad
273 2750 417 2815 consules
444 2750 596 2815 creandos
625 2756 657 2815 et
687 2752 846 2817 contentio
868 2751 951 2816 inter
973 2756 1078 2833 patres
1099 2749 1297 2834 plebemque,

203 2882 285 2944 quae
306 2883 323 2927 e
346 2861 474 2927 Valerio
496 2862 623 2926 Antiate
645 2861 760 2926 hausta
781 2867 870 2939 sunt,
903 2867 939 2926 ut
960 2862 1147 2944 cognomina
1169 2861 1202 2926 0.
1227 2861 1298 2925 Ati·
1355 2868 1358 2873 '

203 2972 264 3038 lius
294 2971 449 3038 Serranus
476 2978 555 3052 eto,
591 2973 734 3038 Romana
762 2972 914 3056 pecuniae
941 2975 1024 3038 ratio
1056 2974 1146 3053 „auri
1174 2973 1299 3058 pondus

203 3084 280 3149 XL“
303 3085 483 3151 ostendunt.

287 3302 326 3368 In
347 3303 408 3371 hae
428 3310 520 3389 parte
540 3305 637 3387 igitur
663 3310 728 3369 tres
750 3323 876 3388 quoque
896 3304 1084 3370 traditiones
1106 3309 1297 3392 compositas

203 3413 338 3480 vidimus
424 3500 428 3505 .

291 3526 325 3613 1)
347 3548 374 3592 o.
398 3526 534 3608 39-48,
561 3551 588 3593 o.
609 3527 736 3592 52-56
758 3549 775 3592 e
798 3527 906 3592 Caelio
927 3528 1105 3614 Antipatro,

288 3635 321 3713 2)
344 3655 371 3700 o.
394 3637 531 3715 57-58,
553 3659 579 3702 o.
603 3637 729 3701 62-63
752 3659 768 3702 e
791 3638 918 3704 Valerio
941 3641 1077 3721 Antiate,

288 3745 323 3827 3)
345 3767 372 3812 a.
394 3748 532 3827 49-51,
553 3769 578 3814 a.
602 3748 727 3814 60-61
751 3770 768 3814 e
790 3749 890 3816 Fabio
905 3756 958 3833 (P).

278 3914 298 3955 ὁ
