2858 4612
684 266 732 339 43

437 550 455 593 Ω

442 596 526 689 VI(
575 603 791 688 Cornelius
819 605 974 716 Nepos.

247 825 285 889 In
306 825 378 889 vitis
401 824 589 890 Hamilcaris
611 825 860 908 Hannibalisque
884 827 1067 892 enarrandis
1090 825 1252 904 nonnulla,

164 957 245 1018 quae
272 936 313 1000 ab
342 934 406 1000 alia
434 935 605 1000 traditione
634 936 821 1016 abhorrent,
857 938 1035 1002 accuratius
1062 958 1252 1019 quamquam

164 1048 401 1132 perbrevissime
423 1048 541 1112 tradita
562 1049 752 1113 invenimus:

208 1223 212 1227 ,
252 1163 282 1240 1)
304 1161 393 1225 Ham.
413 1160 434 1221 t
456 1159 667 1225 Hamilcarem
689 1160 850 1244 inpugna
872 1167 983 1228 contra
1002 1164 1146 1228 Vettones
1169 1183 1253 1227 com-

164 1275 260 1339 missa
283 1293 407 1338 caesum
430 1293 503 1337 esse.
944 1357 949 1368 ·
1112 1350 1115 1357 Ι

249 1387 293 1470 2).
307 1387 411 1451 Hann.
444 1384 464 1447 3
501 1384 711 1449 Hannibalem
744 1385 802 1450 sub
835 1385 1033 1452 Hasdrubale
1063 1372 1253 1471 imperatore

165 1499 319 1581 equitatui
339 1497 520 1580 praefuisse,
543 1503 615 1580 post
636 1498 701 1562 eius
724 1505 857 1563 mortem
871 1500 1092 1582 imperatorem
1108 1501 1149 1566 ab
1164 1523 1253 1566 exer·

164 1613 229 1677 citu
253 1611 371 1675 factum
393 1587 525 1693 publice*
539 1610 778 1693 comprobatum
800 1611 935 1676 triennio
958 1613 1058 1676 omnis
1081 1611 1253 1694 Hispaniae

85 1732 88 1737 '
164 1726 272 1806 gentes
295 1720 378 1785 bello
401 1721 568 1802 subegisse.

251 1833 285 1913 3)
308 1832 404 1914 Alpes
431 1831 550 1894 Graias
571 1830 743 1907 transiisse,

249 1946 284 2024 4)
308 1967 379 2010 cum
402 1944 546 2026 Scipione
574 1941 720 2006 Clastidii
747 1941 832 2025 apud
859 1942 980 2009 Padum
1006 1965 1162 2028 pugnasse
1184 1967 1256 2010 sau-

166 2061 309 2142 ciumque
330 2079 400 2123 eum
423 2056 585 2134 dimisisse,

248 2172 281 2244 5)
311 2172 399 2254 gravi
428 2168 590 2253 oculorum
621 2166 729 2231 morbo
759 2165 921 2246 affectum,
958 2172 994 2232 ut
1014 2173 1124 2251 postea
1146 2170 1253 2233 dextro

166 2301 321 2362 nusquam
340 2299 440 2360 acque
460 2277 540 2343 bene
561 2299 635 2342 usus
659 2278 709 2355 sit,
732 2278 900 2360 lecticaque
919 2280 997 2358 (non
1019 2283 1054 2342 ut
1074 2277 1139 2342 Liv.
1157 2278 1207 2342 22.
1225 2278 1254 2356 3,

166 2390 272 2474 Polyb.
295 2410 358 2454 uno
382 2388 561 2471 elephanto)
584 2389 715 2471 paludes
737 2394 949 2453 transvectum
971 2409 1037 2452 esse
1044 2415 1052 2466 3

253 2498 284 2574 6)
314 2497 460 2579 denique·
477 2497 666 2562 Hannibalis
694 2499 755 2561 iter
782 2499 815 2560 in
839 2486 1042 2579 Campaniam
1070 2497 1255 2581 fallaciaque

167 2610 288 2675 consilii
309 2615 496 2692 apparatum
520 2608 651 2673 bovibus
672 2609 704 2672 in
726 2608 841 2673 saltum
864 2608 1021 2690 instigatis
1042 2630 1069 2673 a.
1093 2608 1156 2672 215
1183 2617 1255 2693 post

166 2725 303 2805 pugnam
331 2721 529 2786 Cannensem
560 2719 810 2802 Hannibalisque
838 2720 1013 2785 Romanum
1045 2721 1104 2786 iter
1136 2720 1255 2786 factum

167 2853 233 2896 esse
253 2835 381 2908 narrat,
404 2831 499 2894 ceteri
521 2853 549 2894 a.
574 2829 645 2892 217.
1220 2829 1222 2833 ’

250 3048 282 3114 0.
304 3047 409 3131 Nepos
431 3071 455 3112 c.
482 3047 521 3110 13
543 3070 572 3112 v.
595 3047 698 3112 Hann.
721 3045 860 3113 Silenum
882 3045 1078 3127 Sosilumque
1099 3045 1256 3112 Lacedae·
1321 3032 1324 3041 ¹

168 3163 306 3228 monium
327 3167 436 3239 vocat,
472 3160 527 3242 qui
555 3160 589 3225 in
616 3158 803 3224 Hannibalis
831 3158 942 3222 castris
962 3157 1108 3223 vixerunt
1129 3158 1255 3241 eiusque

167 3295 217 3339 res
238 3278 343 3356 gestas
365 3274 534 3343 memoriae
556 3271 765 3338 tradiderunt.
850 3322 853 3327 .

251 3385 399 3449 Fortasse
429 3407 467 3450 ex
494 3386 532 3450 iis
561 3383 593 3449 0.
623 3383 727 3467 Nepos
758 3405 815 3449 sua
844 3383 966 3462 hausit,
1003 3405 1073 3449 eum
1102 3383 1255 3448 nonnulla

166 3497 265 3563 multo
288 3496 466 3562 accuratius
490 3497 685 3561 adsentiente
706 3495 835 3579 Polybio
858 3494 910 3579 (cf.
927 3495 1025 3576 2-3)
1048 3494 1200 3574 traderet,
1223 3500 1255 3559 et

166 3609 324 3676 interdum
352 3614 476 3673 tantum
507 3607 684 3675 inconsulte
706 3608 739 3672 in
760 3608 853 3673 rebus
874 3607 1058 3673 enarrandis
1078 3612 1254 3691 temporum

167 3721 321 3787 rationem
343 3720 487 3804 neglexit.

588 3934 791 3946 ...—-..——--
