2858 4612
682 251 730 322 48

163 450 235 517 dem
255 452 370 518 iudicio
392 454 509 537 optime
522 455 628 520 Livius
648 456 710 522 hac
731 454 847 521 decade
869 460 900 520 et
922 453 1088 538 praecipue
1108 451 1142 516 iu
1164 447 1254 515 libris

164 561 205 625 21
228 567 260 627 et
281 563 322 626 22
346 562 444 630 Caelii
464 565 612 630 historias
632 565 811 647 Valeriique
834 565 969 630 Antiatis
991 563 1122 628 annales
1144 567 1255 627 couta-

164 677 307 754 miuasse‚
327 677 413 758 quod
434 684 471 743 ut
491 698 652 761 speramus
675 678 876 762 sequentibus
897 677 1026 761 probari
1048 682 1161 760 potest,
1189 674 1256 741 exi·

31 770 35 777 ⁴
165 785 339 851 stimandus
361 793 416 852 est.

253 899 377 962 Coelius
404 901 524 983 primus
552 901 669 967 bellum
700 903 852 967 Punicum
875 901 1044 967 secundum
1066 919 1083 964 e
1104 897 1255 962 Romanis

165 1016 198 1075 et
218 1010 525 1096 Carthaginiensibus
554 1013 694 1080 fontibus
721 1014 896 1098 composuit
917 1010 1127 1095 historiasque
1148 1009 1256 1074 rheto-

165 1123 229 1186 rice
250 1123 421 1187 exornavit.
466 1124 595 1189 Praeter
621 1123 911 1206 Carthaginiensem
941 1121 1127 1187 relationem
1156 1118 1256 1184 Sileni

166 1229 251 1314 (Cicx
266 1231 304 1296 de
327 1232 385 1296 dir.
414 1233 440 1296 1.
462 1233 512 1297 24.
534 1233 589 1315 49)
617 1233 760 1298 Romana
786 1254 910 1315 quoque
939 1232 1130 1297 familiarum
1157 1230 1257 1294 histo-

165 1345 230 1424 riis,
252 1319 430 1424 annalibus,
454 1345 581 1410 Catonis
598 1345 771 1429 originibus
786 1344 821 1424 (f.
837 1345 903 1425 25),
925 1344 1094 1410 traditione
1110 1343 1258 1426 degente

56 1507 58 1512 .
166 1455 310 1522 Marcelli
332 1456 366 1531 (f.
389 1457 464 1536 29),
500 1457 682 1522 laudatione
710 1454 768 1519 filii
799 1455 941 1519 Marcelli
969 1476 1043 1519 usus
1073 1460 1129 1519 est.
1174 1452 1257 1517 Eum

166 1569 289 1651 saepius
311 1567 392 1634 falsa
414 1574 445 1633 et
465 1567 540 1633 ficta
562 1568 730 1651 protulisse
753 1567 787 1645 (f.
809 1565 863 1644 39)
889 1571 920 1630 et
941 1566 1068 1630 omnino
1091 1565 1257 1629 historiam

166 1679 363 1745 scribendam
386 1701 464 1762 opus
486 1680 657 1767 oratorium
679 1679 888 1755 existimasse,
911 1682 946 1741 ut
968 1675 1076 1741 Cicero
1098 1677 1160 1754 ait,
1184 1697 1258 1759 per·
1283 1742 1286 1746 ,

166 1808 268 1871 pauca
290 1788 465 1872 fragmenta
488 1789 674 1866 ostendunt3
696 1787 750 1851 sed
771 1787 853 1851 inter
875 1807 928 1852 eos
950 1787 1085 1869 optimos
1107 1787 1188 1851 sexti
1208 1807 1259 1852 se·

167 1899 231 1964 culi
252 1900 417 1965 historicos
439 1899 651 1966 numerandus
673 1905 737 1977 est,
760 1918 839 1979 quos
860 1898 1007 1964 taedebat
1028 1900 1159 1964 annales
1181 1919 1258 1964 con-

167 2006 261 2074 ficere
283 2015 315 2074 et
335 2032 386 2075 res
407 2011 500 2075 modo
522 2031 651 2074 narrare
671 2009 832 2087 Catonem,
860 2010 1034 2094 Polybium,
1057 2011 1257 2105 Asellionem,

168 2141 300 2203 quorum
331 2122 364 2187 hi
392 2122 584 2205 plebeiorum
615 2122 858 2206 Scipionumque
880 2124 981 2206 gentis
1003 2124 1112 2189 laudes
1133 2145 1171 2189 ac
1193 2145 1257 2188 me-

145 2213 150 2223 ’
168 2234 231 2299 rita
252 2235 461 2300 illustrarunt.

252 2347 391 2414 Caelium
423 2369 548 2430 quoque
580 2347 777 2431 Scipionibus
809 2342 1010 2413 coniunctum
1042 2347 1139 2412 fuisse
1170 2345 1209 2411 fr.
1240 2349 1257 2410 1

168 2461 306 2526 ostendit
328 2460 481 2540 „Caelius
505 2461 558 2543 qui
579 2461 663 2525 hanc
685 2481 705 2525 a
728 2459 851 2536 Laelio,
876 2461 920 2521 ad
940 2482 1027 2543 quem
1049 2457 1183 2540 scrcpsit,
1207 2479 1259 2522 ve·

168 2571 251 2634 niam
279 2572 389 2654 petit‚“
417 2577 643 2655 proptereaque
665 2591 735 2634 eum
758 2568 983 2655 Polybiumque
1005 2589 1042 2632 ea
1064 2567 1197 2632 maxime
1220 2567 1260 2632 de

168 2703 263 2748 causa
285 2683 326 2747 ad
348 2682 511 2746 historiam
533 2681 608 2745 belli
629 2680 739 2744 Punici
761 2681 888 2744 secundi
917 2680 1112 2745 scribendam
1136 2700 1259 2761 permo-

167 2799 235 2859 tum
257 2815 323 2860 esse
345 2794 498 2873 existimo,
520 2800 556 2858 ut
575 2791 885 2876 Carthaginiensibus
908 2793 1111 2875 scriptoribus
1133 2793 1258 2875 aliaque

168 2903 382 2970 Romanarum
404 2906 593 2971 familiarum
625 2906 796 2970 traditione
828 2905 914 2969 nisus
944 2910 1079 2969 veterem
1108 2925 1129 2968 a
1159 2903 1257 2970 Fabio

170 3016 366 3099 optimatium
395 3018 546 3100 scriptore
573 3016 723 3080 traditam
749 3015 834 3080 illius
863 3016 938 3081 belli
969 3017 1132 3083 historiam
1154 3038 1258 3083 emcn-

170 3123 268 3190 daret.
296 3145 299 3149 ·

252 3236 400 3321 Polybius
423 3237 607 3320 Coeliusque
635 3237 731 3321 igitur
757 3242 888 3319 uterque
909 3237 1071 3302 Fabianae
1093 3238 1258 3304 traditioni

169 3367 243 3415 seo
289 3351 380 3416 osuit.

244 3371 396 3525 Ilialerius
426 3459 538 3524 Antias
568 3465 674 3525 tamen
704 3459 793 3524 Fabii
821 3447 940 3524 beteres
971 3461 1101 3525 annules
1131 3467 1257 3526 secutus

170 3574 234 3646 est,
266 3576 302 3634 ut
331 3570 494 3638 Plutarchi
523 3571 715 3654 Diodorique
744 3573 884 3639 narratio
913 3579 1096 3657 comparata
1124 3573 1258 3637 fortasse

170 3680 316 3747 ostendit.
