2858 4612
685 250 738 354 '11

164 479 279 544 scimus
301 479 434 563 Liparas
456 482 577 548 insulas
598 485 702 563 „inter
724 484 874 565 Africam,
901 485 1051 566 Siciliam,
1072 487 1263 569 Sardiniam,

163 587 310 655 Italiam“
331 590 410 656 fines
430 591 526 658 fuisse
547 593 671 678 imperii
692 594 1008 679 Carthaginiensium.

95 776 100 783 ⁴
133 756 143 769 „
248 702 283 783 b)
304 703 371 768 Liv.
395 705 446 769 21.
473 707 512 769 10
533 708 592 789 'qui
615 708 803 773 Hannonem
824 708 901 774 facit
924 709 1077 774 dicentem
1106 710 1182 789 „sed
1201 709 1262 776 Ta-

163 816 264 892 rento,
286 812 319 878 id
340 817 389 880 est
409 814 512 894 Italia,
533 836 597 881 non
619 817 872 882 abstinueramus
895 839 912 883 e
933 817 1089 884 foedere.“

249 928 282 1006 c)
303 924 378 989 Zon.
398 925 427 989 8.
452 926 472 989 9
495 926 540 1010 (p.
561 927 634 1001 134)
657 927 711 1009 qui
732 927 901 993 transitum
923 927 1136 994 Romanorum
1157 928 1191 994 in
1213 928 1262 994 Si-

163 1033 268 1099 ciliam
290 1033 445 1099 οντονδῶν
466 1031 615 1100 διάλυσιν
636 1036 793 1119 appellat3

252 1147 286 1222 d)
308 1147 384 1212 Zon.
407 1147 437 1211 8.
461 1149 481 1212 9
504 1149 549 1231 (p.
569 1148 643 1223 134)
666 1147 752 1231 apud
774 1168 867 1230 quem
889 1167 918 1211 a.
935 1147 999 1211 264
1021 1147 1262 1232 Carthaginien·
1364 1132 1367 1139 ¹

163 1281 214 1326 ses
239 1266 375 1343 poscunt
401 1255 482 1347 „cris
502 1282 538 1324 τε
559 1255 738 1347 ,Μεσσήνην
760 1256 908 1324 ἐκλιπεῖν
929 1255 984 1322 καὶ
1006 1254 1043 1325 ἐκ
1064 1255 1174 1349 πάσης
1194 1255 1262 1328 οἶνο-

163 1369 276 1435 ελθεῖν
297 1365 447 1447 Σικελίας
468 1367 502 1434 ἒν
524 1363 627 1456 ἡμέρᾷ
649 1371 750 1455 ῥητῇίί
772 1367 825 1445 (cf.
847 1367 880 1431 Ζ.
905 1367 934 1432 8.
957 1368 1001 1450 8).

249 1479 561 1564 Carthaginiensibus
577 1479 709 1562 Liparas
730 1480 851 1544 insulas
872 1478 951 1544 fines
973 1480 1097 1563 imperii
1118 1485 1261 1547 statuen-

162 1593 265 1670 tibus,
297 1591 431 1656 Romani
452 1591 486 1654 in
507 1591 637 1655 Pontias
658 1589 779 1655 insulas
800 1589 863 1654 iam
886 1611 914 1653 a.
939 1590 1003 1654 313
1026 1591 1185 1681 coloniam
1208 1592 1261 1658 de-

163 1703 321 1769 duxerunt
342 1702 394 1782 (cf.
418 1702 483 1767 Lis.
507 1701 537 1765 9.
559 1699 600 1764 23
628 1705 660 1765 et
687 1689 807 1764 Diodor
831 1699 879 1763 19.
906 1701 980 1780 101)
1011 1722 1143 1784 remque
1164 1722 1262 1767 nava-

163 1817 226 1883 lem
247 1815 462 1882 exornandam
484 1820 637 1881 curarunt
658 1814 739 1898 (Liv.
762 1813 792 1877 9.
814 1813 857 1878 30
879 1819 911 1879 et
931 1813 999 1899 38).

248 1926 410 1992 Nissenius
437 1927 518 1992 illud
550 1927 660 1992 foedus
690 1932 839 2008 quartum
865 1931 951 1997 recte
972 1947 1043 1993 meo
1065 1926 1192 2009 quidem
1212 1927 1262 1994 iu-

162 2037 245 2104 dicio
266 2058 295 2102 a.
318 2037 380 2102 306
402 2045 585 2104 renovatum
610 2060 678 2104 esse
699 2040 875 2121 existimat,
914 2059 1106 2123 quamquam
1136 2039 1202 2106 niv.
1225 2039 1255 2104 9.

161 2149 205 2214 43
226 2149 335 2215 foedus
356 2150 451 2215 tertio
473 2158 678 2216 renoavatum
699 2170 726 2216 a.
749 2151 811 2215 306
833 2150 942 2217 tradit.

246 2262 275 2327 8.
320 2263 395 2326 Pon.
419 2263 448 2327 3.
471 2262 521 2327 33.
547 2263 584 2325 17
604 2262 636 2327 ff.
657 2263 692 2326 in
713 2283 845 2329 numero
867 2263 1034 2342 exercitus,
1056 2282 1149 2346 quem
1170 2261 1261 2326 Han·

49 2376 53 2387 '
164 2374 253 2440 nibal
275 2395 314 2440 ex
335 2375 490 2458 Hispania
512 2375 545 2439 in
566 2374 693 2440 ltaliam
716 2374 866 2454 duxerat,
888 2374 1019 2440 dicendo
1041 2376 1127 2441 illius
1147 2374 1260 2441 inscri-

164 2487 281 2569 ptionis
302 2487 335 2551 in
355 2486 474 2569 templo
495 2485 623 2550 Iunonis
644 2486 679 2550 in
700 2486 915 2569 promontorio
930 2484 1061 2551 Lacinio
1081 2486 1261 2570 insculptae

164 2597 259 2664 fidem
285 2605 380 2683 atque
409 2599 630 2664 auctoritatem
657 2619 690 2664 se
711 2597 767 2663 alii
787 2596 951 2663 traditioni
972 2600 1161 2683 praetulisse
1183 2600 1262 2667 dicit

164 2707 252 2801 (ηδιὸ
274 2707 329 2775 καὶ
351 2711 608 2776 κατακολουθεῖν
631 2705 791 2794 εἱλόμεθα
813 2714 853 2797 τῇ
875 2715 983 2797 γραφῇ
1003 2706 1153 2798 ταύτῃίί).

250 2820 279 2883 9.
323 2818 399 2884 Pon.
422 2820 451 2884 3.
473 2820 524 2882 47.
550 2820 570 2883 6
599 2821 702 2886 verbis
730 2817 835 2901 „dvm
862 2825 928 2884 τῶν
955 2817 1163 2909 γεγραφότων
1185 2819 1262 2911 περὶ
1313 2821 1321 2835 ’

165 2936 223 3018 τῆς
245 2925 430 3019 ὑπερβολῆς
450 2927 591 3019 ταύτης“
613 2953 666 2998 eos
688 2933 857 3018 scriptores
879 2933 1026 3012 denotat,
1057 2935 1112 3017 qui
1133 2935 1262 3018 Alpium

165 3043 335 3109 transitum
357 3042 545 3108 Hannibalis
573 3050 708 3109 narrant
736 3050 768 3110 et
797 3042 942 3127 augendo
968 3042 1173 3110 difficultates
1195 3047 1261 3114 eius

164 3153 286 3219 itineris
308 3153 383 3218 deos
406 3153 597 3235 deorumque
617 3152 700 3218 filios
722 3153 911 3220 Hannibalis
939 3153 973 3219 in
1003 3174 1040 3219 eo
1067 3147 1178 3221 itinere
1204 3156 1262 3223 du:

165 3284 216 3330 ces
246 3263 401 3330 inducunt
432 3283 603 3346 eorumque
626 3286 721 3348 opera
744 3265 956 3331 Hannibalem
979 3266 1075 3350 Alpes
1097 3287 1263 3351 superasse

164 3375 283 3441 dicunt.

248 3487 333 3564 Quos
355 3486 504 3572 Polybius
530 3486 594 3551 illis
623 3486 726 3552 verbis
754 3486 897 3553 nominet
923 3507 981 3573 pro
1003 3494 1091 3557 certo
1115 3510 1180 3556 non
1202 3490 1261 3556 ha-

163 3599 288 3679 bemus3
311 3599 427 3664 multos
449 3619 523 3664 vero
546 3599 585 3664 de
608 3598 668 3664 hoc
686 3620 809 3683 semper
823 3600 954 3666 laudato
969 3602 1082 3668 itinere
1098 3601 1262 3684 scripsisse

163 3700 312 3777 videmus.
370 3712 517 3776 Fortasse
549 3713 632 3777 inter
668 3712 725 3778 hos
760 3713 930 3796 scriptores
964 3713 1152 3778 numerandi
1187 3720 1262 3781 sunt

164 3821 321 3898 Chaereas
343 3826 375 3886 et
396 3820 540 3905 SosyluS,
566 3842 698 3903 quorum
719 3821 813 3887 fidem
835 3829 931 3904 atque
952 3823 1175 3889 auctoritatem
1196 3824 1261 3889 iam

163 3934 193 3998 3.
214 3934 256 3998 20
278 3933 395 4012 reiecit,
417 3955 488 3999 cum
511 3933 635 3999 Silenus
655 3933 843 4000 Hannibalis
866 3953 980 4013 comes,
1003 3953 1095 4016 quem
1112 3934 1261 4018 Polybius

163 4045 197 4107 et
219 4041 335 4122 Livius,
356 4047 393 4107 ut
413 4044 598 4125 videbimus
619 4045 653 4110 in
675 4046 801 4130 Alpium
821 4047 961 4114 transitu
983 4045 1190 4114 describendo
1212 4068 1262 4114 sc-
