2858 4612
720 297 770 370 26

286 498 308 564 f.
330 500 373 564 24
400 500 525 566 brevem
553 521 574 566 a
601 501 712 567 Tzetze
738 500 900 567 inversus
921 500 1083 566 redactam
1104 500 1293 567 Hannibalis

201 610 299 676 vitam
320 632 338 677 e
359 611 497 678 Diodoro
519 633 558 678 ac
578 612 678 678 Dione
700 612 855 690 continet,
887 612 922 675 in
948 632 1012 694 qua
1034 611 1124 677 Fabii
1149 613 1293 676 narratio

201 720 294 787 facile
315 724 532 806 cognoscenda
553 729 609 790 est.
654 723 744 789 Nova
764 724 802 789 fr.
826 744 986 808 perpauca
1007 723 1100 789 affert
1123 725 1157 806 1)
1171 724 1294 788 Hamil·

201 834 283 899 caris
303 839 437 900 mortem
458 836 492 900 in
513 836 682 920 pugna‘ad
703 835 828 902 Iberum
851 841 963 901 contra
983 835 1090 901 iberos
1120 836 1175 920 (cf.
1199 836 1292 902 Diod

201 945 252 1011 25.
271 947 326 1031 14)
349 967 366 1012 s
385 946 638 1032 Carthaginiensi
659 932 820 1031 scriptore,
842 949 1063 1014 eumltomani
1078 948 1181 1014 fontes
1196 948 1293 1014 aliam

201 1060 312 1125 mortis
333 1060 548 1125 narrationem
569 1059 709 1125 habeant
731 1059 784 1142 (cf.
805 1082 836 1143 p.
860 1059 925 1142 26).
1245 1044 1257 1056 ”

220 1184 225 1193 ’
287 1154 477 1252 m'euorum
498 1173 636 1238 snorum
656 1172 845 1238 nemereus
866 1177 1018 1251 aetatem,
1041 1172 1229 1246 nemeseus
1253 1171 1293 1237 15
1411 1241 1413 1244 ,

200 1304 301 1350 annos
322 1287 407 1366 nati,
429 1284 638 1353 Hasdrubalis
662 1285 717 1365 123
740 1285 952 1351 Diodoruset
972 1285 1034 1350 Dio
1054 1284 1151 1368 igitur
1172 1284 1295 1351 Hamil·-

200 1417 304 1462 carem
325 1418 354 1462 a.
376 1397 438 1462 231
469 1403 627 1462 mortuum
655 1416 722 1461 esse
750 1402 899 1473 narrant,
937 1417 1008 1461 cum
1030 1395 1197 1465 Hannibal*
1212 1395 1295 1460 Has-

200 1509 333 1577 hubale
354 1530 384 1574 a.
402 1509 464 1573 221
487 1514 612 1574 mortuo
634 1508 765 1592 imperio
789 1512 933 1592 suscepto
954 1502 1096 1591 ,,χρόνων
1118 1499 1223 1571 εἴκοσι
1244 1527 1294 1591 γε·

199 1617 333 1702 νόμενος
353 1617 409 1684 καὶ
431 1617 553 1685 πέντε“
574 1619 616 1683 25
638 1638 738 1684 annos
759 1623 853 1684 natus
875 1619 971 1684 fuisse
992 1617 1126 1683 dicator.
1181 1632 1185 1638 ·

286 1729 320 1812 3)
349 1730 383 1796 in
404 1729 613 1796 Hasdrubalis
635 1730 740 1795 locum
761 1728 972 1796 Hannibalem
994 1731 1216 1812 imperatorem
1238 1748 1296 1812 sp-

200 1841 352 1925 pellatum
379 1862 446 1908 esse
472 1837 591 1929 ,,χωρὶς
613 1837 792 1929 συγκλήτου
813 1845 872 1930 τῆς
893 1843 1012 1926 βουλῆς
1032 1840 1088 1908 acl
1109 1845 1175 1907 τῶν
1196 1837 1296 1925 ὕπερ·
1350 1892 1353 1895 a

65 1998 68 2002 n
199 1945 480 2033 exdvrwv“'(quod
499 1951 567 2016 Pol.
591 1950 621 2015 3.
644 1953 663 2014 8
684 1951 804 2016 Fabios
826 1958 994 2034 narrarat).

283 2062 427 2146 Denique
457 2063 494 2129 fr.
524 2040 650 2131 brevem
680 2064 735 2130 sed
767 2070 949 2150 corruptam
977 2064 1054 2131 belli
1081 2064 1296 2131 narrationem

200 2173 349 2239 continet.

283 2283 318 2349 L.
342 2282 445 2349 XXVI
472 2283 576 2367 prima
603 2283 780 2368 fragmenta
800 2285 840 2351 de
861 2286 956 2351 rebus
977 2306 997 2351 a
1018 2286 1173 2353 dictatore
1194 2285 1295 2352 Fabio

87 2488 91 2496 1
197 2396 294 2479 gestie
314 2415 418 2479 pauca
437 2394 585 2473 tradunt,
620 2395 673 2461 hic
703 2415 828 2480 quoque
854 2396 988 2462 Fabium
1005 2381 1146 2462 ¹Diodori
1173 2396 1294 2462 fontem

199 2507 295 2574 fuisse
317 2507 411 2604 facile
430 2506 643 2601 intelligimus.
1274 2509 1277 2513 ’

656 2763 858 2772 —w

564 3060 640 3142 HI.
701 3062 933 3169 Appiauus,

245 3279 273 3341 1.
314 3268 496 3362 Ἰβηρική.

284 3408 309 3453 c
333 3385 418 3451 4-5
451 3385 570 3451 bellum
601 3384 907 3470 Carthaginiensium
940 3371 1053 3452 contra
1083 3387 1294 3453 mercenarios

198 3503 320 3580 gestum
341 3500 477 3573 tractat,
513 3495 703 3560 Hamilcaris
731 3517 782 3561 res
809 3502 914 3578 gestas
935 3495 968 3560 in
990 3495 1144 3578 Hispania
1165 3479 1295 3580 eiusque

199 3613 332 3674 mortem
353 3608 517 3673 annalium
536 3608 741 3672 traditionem
763 3614 905 3688 secutus,
940 3629 1035 3692 quam
1057 3609 1143 3692 apud
1163 3611 1240 3675 Zon.
1263 3610 1293 3675 8.

202 3720 241 3783 19
258 3720 303 3802 (p.
322 3717 396 3805 168)
419 3723 451 3785 et
471 3717 614 3783 Frontiu.
636 3722 727 3783 strat.
750 3717 780 3781 2.
802 3717 833 3781 4.
858 3718 895 3782 17
917 3719 1093 3785 invenimus
1113 3731 1141 3784 a‘
1153 3719 1294 3787 Diodoro

199 3830 438 3909 abhorrentem,
476 3830 531 3913 qui
559 3850 631 3894 eum
659 3829 693 3894 iu
723 3828 833 3894 Hiberi
862 3828 956 3894 undis
978 3831 1106 3913 periisse
1129 3829 1240 3896 scribit
1260 3830 1296 3896 in

199 3942 284 4009 bello
314 3947 426 4009 contra
453 3942 617 4010 Iberorum
646 3963 734 4026 reges
762 3947 852 4024 gesto
879 3940 971 4025 apud.
993 3940 1088 4029 λευκὴ
1110 3933 1193 4027 ἄκρα
1215 3941 1294 4025 (Lis.

199 4054 252 4120 24.
271 4055 314 4118 41
337 4058 476 4121 castrum
498 4055 637 4137 Album),
1053 4052 1057 4059 ’
