2858 4612
732 266 781 339 56

208 471 323 537 facturi
344 470 541 550 videbantur,
562 470 746 549 faterentur,
768 489 806 534 ao
827 465 1031 535 defenderent
1051 471 1180 553 publico
1202 473 1305 538 consi-

195 581 251 647 'lio
272 582 401 660 factum,
421 587 459 646 ut
478 580 654 645 indicerent
674 579 793 663 populo
815 577 1067 662 Carthaginiensi
1088 579 1216 644 bellum.

660 710 718 763 Pol.
738 711 762 763 3.
781 711 806 764 8.
824 709 850 762 8.

208 804 291 897 φησί
312 803 330 874 δ
356 803 482 891 Φάβιος
502 802 585 890 μετὰ
606 804 665 893 τὴν
685 809 744 893 τῆς
765 803 999 891 προειρημένης
1025 801 1155 884 πόλεως
1182 800 1305 873 ἅλωσιν

208 918 455 1005 παραγενέσθαι
476 916 553 997 τοὺς
570 913 752 1000 Ῥωμαίους
773 911 941 999 οἰομένους
963 916 1031 981 δεῖν
1046 909 1067 1003 ἢ
1080 914 1138 981 τίν
1152 910 1306 1000 Ἀννίβαν

208 1029 373 1099 ἐκδιδόναι
395 1028 493 1120 σφίσι
513 1027 590 1109 τοὺς
610 1023 853 1116 Καρχηδονίους
873 1019 972 1116 ἢτὸν
993 1023 1140 1112 πόλεμον
1161 1020 1305 1110 ἀναλαμ-

207 1139 327 1227 βαίνειν.

676 1269 735 1324 Pol.
754 1269 780 1324 3.
797 1269 840 1321 20.

207 1359 365 1447 Ῥωμαῖοι
387 1362 423 1430 δὲ
446 1360 696 1451 προσπεσόντος
716 1368 776 1429 τοῦ
797 1358 967 1448 γεγονότος
987 1358 1070 1426 κατὰ
1091 1359 1168 1438 τούς
1182 1368 1307 1427 Ζακαν-

208 1472 328 1554 δαίους
355 1471 574 1564 οίτυχήματος,
611 1479 806 1562 παραχρῆμα
842 1470 1045 1561 πρεσβευτὰς
1074 1471 1307 1554 ἐξαπέστειλαν

209 1583 257 1665 εἷς
277 1584 335 1676 τὴν
358 1584 551 1675 Καρχηδόνα
580 1585 638 1653 δύο
669 1583 901 1672 προτείνοντας
928 1579 1041 1662 αότοῖς
1063 1627 1103 1636 -
1126 1576 1147 1671 ἢ
1168 1581 1227 1669 χδρ
1249 1580 1307 1648 τὸν

210 1697 388 1788 στρατηγὸν
401 1697 554 1785 Ἀννίβαν
575 1698 631 1766 καί
653 1697 729 1777 τούς
749 1693 820 1782 μετ’
842 1693 942 1764 αότοιῖ
964 1696 1134 1782 συνέδρους
1156 1693 1307 1774 ἐκδότους

210 1809 336 1879 διδόναι
355 1808 532 1897 Ῥωμαίοις
553 1808 701 1900 ἀντῄτουν
722 1805 743 1899 ἢ
763 1806 983 1899 προήχχελλον
1005 1805 1063 1872 τδν
1085 1792 1241 1891 πόλεμον.

615 1942 682 1995 Zon.
702 1945 727 1995 s.
746 1944 789 1993 22.
808 1958 835 2009 p.
855 1940 913 1992 rao.

208 2039 249 2122 τῇ
271 2033 308 2101 δὲ
328 2035 431 2122 βουλῇ
452 2031 561 2116 ἔδοξεν
582 2033 739 2121 πρέσβεις
761 2028 808 2110 είς
829 2029 887 2119 τὴν
904 2026 1097 2118 Καρχηδόνα
1113 2031 1240 2095 στεῖλαι
1252 2030 1309 2096 καί

209 2150 268 2208 τοῦ
283 2141 434 2227 Ἀννίβου
457 2149 683 2233 κατηγορῆσαι,
706 2141 762 2208 καί
784 2137 895 2225 εἰμὲν
916 2138 961 2228 μὴ
984 2137 1151 2206 ἐπαινοῖεν
1165 2137 1207 2206 τὰ
1224 2165 1309 2228 πρα-

206 2254 340 2338 χθέντα,
366 2251 508 2336 δικόσαι,
537 2251 567 2320 εί
589 2249 618 2322 δ
640 2252 688 2334 εἰς
710 2252 832 2321 ἐκεῖνον
854 2245 937 2318 αότὰ
959 2245 1159 2338 α’ναφὲροιεν,
1184 2249 1309 2339 ἕξαιτή-
1361 2321 1365 2324 ,

209 2371 338 2433 σασδαι
359 2360 467 2448 αότδν,
491 2359 550 2431 κδν
571 2362 616 2454 μὴ
640 2363 769 2447 ε’κδοῖσι,
791 2360 848 2430 τὸν
867 2358 1015 2445 πόλεμον
1038 2359 1231 2448 ε’παχχεῖλαι
1251 2358 1308 2429 αδ-

208 2483 289 2558 τοῖς.

646 2630 719 2700 App.
736 2631 809 2686 Iber.
831 2637 871 2688 13.

209 2730 357 2810 Ρωμαῖοι
388 2725 424 2794 δὲ
454 2726 611 2813 πρέσβεις
638 2725 671 2808 ἒς
697 2729 890 2819 Καρχηδόνα
916 2729 1085 2819 ἔπεμπον,
1121 2729 1173 2817 οἷς
1197 2733 1309 2828 εἴρητο

211 2838 348 2922 ἐξαιτεῖν
370 2835 462 2925 παρὰ
484 2836 716 2926 Καρχηδονίων
737 2835 891 2927 Ἀννίβαν
920 2842 965 2923 ὥς
994 2844 1028 2925 ἐς
1055 2844 1115 2926 τὰς
1144 2846 1310 2938 συνθήκας

188 2943 404 3037 ’ἁμαρτόντα
429 2942 459 3015 εί
478 2947 524 3036 μὴ
547 2947 656 3015 κοινὸν
677 2947 829 3038 ἡγοῦνται
851 2952 889 3020 τδ
911 2951 1012 3043 ἔργον.
1035 2952 1074 3048 ἢν
1095 2959 1133 3027 δὲ
1152 2959 1197 3049 μὴ
1214 2957 1310 3027 δίδω-

211 3086 273 3142 σιν,
296 3054 421 3139 εόδέως
443 3055 556 3140 αὐτοῖς
577 3059 723 3146 πόλεμον
745 3064 983 3154 προαχοριόειν.
1338 3136 1347 3155 ,

296 3175 411 3240 Omnes
440 3176 610 3260 scriptores
638 3176 812 3242 Fabianam
835 3181 1036 3248 traditionem
1060 3184 1140 3264 (Pol.
1164 3184 1193 3249 3.
1218 3185 1246 3249 8.
1274 3185 1309 3271 8)
1406 3212 1409 3217 ·

211 3293 344 3354 narrant
365 3286 517 3352 mandata
538 3287 634 3353 fuisse
656 3296 712 3354 aut
733 3289 945 3356 Hannibalem
968 3293 1144 3358 dedendum
1165 3301 1222 3360 aut
1242 3295 1311 3361 bel·

211 3401 278 3464 lum
300 3400 471 3484 gerendum
494 3422 569 3466 esse.
612 3400 718 3480 Livio,
748 3403 803 3484 qui
824 3404 888 3467 iam
908 3405 1043 3487 primam
1065 3405 1155 3469 Rom.
1178 3406 1311 3490 legatio·
1350 3448 1355 3455 ‹

197 3533 286 3594 nem
312 3510 523 3577 Hannibalem
552 3513 772 3594 expoposcisse
801 3513 992 3593 tradiderat,
1029 3537 1093 3580 non
1123 3521 1222 3582 restat
1249 3518 1312 3582 nisi

164 3636 168 3640 ’
212 3625 355 3709 quaestio
376 3625 480 3688 inanis
508 3623 696 3705 „publicone
718 3625 850 3689 oonsilio
871 3624 1034 3691 Hannibal
1055 3625 1230 3716 Saguntum
1253 3648 1311 3710 op·
1336 3636 1339 3641 '

212 3741 413 3818 pugnasset“,
436 3741 468 3800 et
490 3734 608 3800 bellum
629 3735 840 3799 indicendum.

297 3837 479 3929 Sequuntur
515 3845 757 3912 deliberationes
790 3847 825 3910 in
858 3845 1165 3929 Carthaginiensium
1197 3851 1311 3912 senatu

212 3955 357 4034 habitae,
380 3955 471 4020 Fabii
493 3955 594 4020 oratio
617 3962 649 4020 et
670 3956 763 4022 unius
785 3977 825 4020 ex
846 3955 1159 4039 Carthaginiensibus
1180 3976 1312 4040 respon·

214 4090 282 4133 sum
304 4067 394 4152 (Zon.
418 4066 447 4130 8.
470 4069 512 4132 22
534 4067 766 4147 Hasdrubalis).
811 4068 1053 4149 Excusationes,
1075 4087 1155 4154 quas
1176 4067 1311 4135 Cartha·
1347 4151 1349 4157 Ι
