2858 4612
688 183 735 258 65

249 418 277 464 c.
303 393 427 460 14-18
454 393 488 458 in
516 389 719 456 cunctatione
740 386 831 455 Fabii
851 387 1100 472 Hannibalisqus
1123 409 1141 454 e
1162 387 1254 453 Cam-

164 506 262 592 pania
281 506 315 571 in
337 504 498 572 Samnium
520 500 623 567 reditu
645 498 861 566 describendis
872 499 977 567 Livius
999 499 1133 564 eundem
1153 519 1255 565 annae

124 614 130 629 '
164 619 243 685 lium
264 618 448 702 scriptorem
463 612 624 678 Valerium
638 610 798 675 Antiatem
819 610 968 694 sequitur.
1014 608 1063 673 Ad
1077 609 1256 676 &manum

166 730 349 812 scriptorem
372 725 547 810 pertinent:
1200 803 1203 808 ι

254 843 287 926 l)
308 843 459 905 accurata
481 835 636 912 locorum,
654 853 736 915 quae
757 830 917 896 Hannibal
938 832 1065 911 transiit
1085 831 1256 915 descriptio

167 951 340 1020 Calliculae
360 951 484 1032 iugum,
521 966 611 1010 mons
632 944 802 1021 Massiena,
833 943 997 1009 Sinuessae
1017 947 1121 1022 tecta,
1153 945 1259 1028 Appia

166 1062 272 1141 limes‚'
293 1060 463 1126 Formiana
485 1077 575 1133 saxa,
596 1055 720 1120 Literni·
738 1075 868 1133 menae,
888 1074 962 1137 ager
986 1055 1153 1135 Allifanus,
1174 1076 1256 1138 quae

166 1179 290 1239 tautum
311 1169 398 1254 apud-
418 1168 541 1233 Livium
561 1171 674 1231 exstat.

251 1286 283 1364 2)
313 1284 419 1348 Livius
448 1281 533 1345 solus
562 1301 579 1345 e
602 1278 743 1343 Fabiana
764 1277 916 1342 relatione
939 1285 948 1349 l
953 1299 979 1344 c.
1004 1277 1057 1359 15)
1079 1279 1259 1345 ‘Casilinum

166 1403 199 1465 et
219 1394 404 1463 Calliculam
425 1399 564 1458 montem
585 1390 717 1455 modicis
736 1389 949 1454 Romanorum
977 1389 1141 1472 praesidiis
1163 1411 1256 1466 occu-

166 1515 243 1593 pata
264 1527 345 1583 esse,
367 1504 452 1569 solus
474 1501 646 1567 Minucium
667 1499 829 1564 dimissum
850 1519 922 1564 uum
943 1499 1043 1564 Fabio
1065 1522 1098 1566 se
1118 1502 1258 1568 iunxisse·

167 1625 206 1698 (c.
232 1619 283 1696 lt)
311 1616 427 1694 tradit;
462 1615 496 1680 in
524 1613 649 1679 fallacis
676 1610 800 1675 consilii
828 1630 952 1693 quoque
977 1618 1135 1695 apparatu
1163 1629 1258 1679 cnara

166 1731 266 1795 raudo
288 1728 395 1792 Livius
415 1725 628 1809 Polybiusque
650 1722 851 1800 dissentiunt,
872 1723 937 1801 ita,
963 1727 1000 1787 ut
1019 1721 1169 1805 Polybius
1190 1744 1257 1788 maa

167 1841 225 1922 gis,
246 1841 283 1902 ut
303 1835 446 1913 vidimus,
469 1834 758 1918 Carthaginiensem
780 1833 1048 1899 accuratissimam
1072 1832 1170 1898 Sileni
1190 1840 1257 1900 tra*

167 1948 335 2023 ditionem,
364 1944 470 2009 Livius
490 1944 581 2010 Fabii
603 1943 765 2009 dictatoris
787 1943 921 2027 Romani
941 1941 1144 2021 relationem,
1175 1954 1257 2028 quae

168 2057 262 2140 culpa
282 2077 315 2122 se
335 2055 485 2133 absolvit,
506 2056 675 2121 memoriae
694 2054 860 2120 mandasse
875 2053 1054 2131 uideantur.

250 2167 356 2232 Livius
378 2150 461 2232 bnim
484 2166 569 2230 solus
590 2186 615 2230 o.
635 2164 674 2228 16
696 2165 871 2243 ‚inclusum
892 2163 965 2229 inde
981 2164 1191 2231 Hannibalem
1205 2167 1257 2232 ria

165 2279 207 2344 ad
228 2279 399 2344 Casilinum
423 2277 552 2343 obsessa
571 2275 690 2341 videri“
711 2275 824 2354 tradit,
856 2275 1073 2340 Romanorum
1092 2277 1257 2342 victoriam

166 2390 277 2455 laudat
296 2387 547 2470 Hannibalisque
567 2388 661 2469 fugae
682 2407 809 2451 causam
831 2387 873 2450 ad
895 2405 966 2463 eos,
1001 2388 1056 2470 qui
1077 2387 1121 2453 ad
1140 2389 1258 2453 transid

166 2506 235 2566 tum
260 2499 362 2565 saltus
388 2496 589 2562 insidendum
615 2495 712 2561 locati
738 2495 1028 2579 circumventusque
1048 2516 1084 2562 se
1105 2516 1172 2564 esse
1193 2501 1261 2566 rati
1326 2491 1329 2497 ’

166 2612 323 2698 praesidio
345 2630 506 2677 excessere
526 2608 632 2675 refert.

250 2723 361 2805 ltaque
381 2722 415 2786 in
435 2721 568 2787 Liviana
588 2721 771 2786 narratione
791 2739 890 2803 prope
911 2718 1122 2786 defensionem
1142 2720 1257 2788 Fabia-

165 2853 227 2897 nae
247 2832 475 2910 cunctationis,
495 2832 530 2894 in
550 2829 673 2914 Polybii
694 2833 733 2893 ut
750 2827 885 2894 vidimus
907 2830 974 2894 eius
995 2831 1257 2914 vituperationem

165 2941 416 3024 Hannibalisque
429 2940 567 3006 astutiae
584 2937 799 3004 laudationem
820 2937 961 3020 Ιθςὶωιιε.
1004 2938 1110 3005 Livius
1130 2947 1168 3006 ut
1189 2944 1259 3028 opi-²

165 3071 225 3116 nur
244 3055 344 3115 totam
366 3049 456 3116 illam
478 3048 692 3113 narrationem
713 3067 732 3112 e
759 3046 885 3111 Valerio
908 3047 1039 3112 Anticus
1059 3047 1179 3131 hmsit,
1201 3053 1261 3136 qut

165 3163 339 3229 Fabianam
361 3161 552 3228 relationem
568 3160 711 3244 protulit.

252 3272 410 3339 Valerium
434 3272 592 3337 tudetem
615 3271 806 3336 ostendunt:

252 3383 285 3460 1)
307 3382 510 3466 cognomina:
537 3380 574 3446 L.
596 3381 729 3464 Papirus
750 3379 871 3446 Cursus
887 3382 932 3464 (c
952 3382 1023 3468 14),
1045 3383 1080 3448 L.
1102 3384 1260 3454 Hostilius

166 3492 332 3560 Mancinus
354 3501 395 3576 (c.
420 3497 482 3573 15).

250 3604 285 3687 2)
307 3607 411 3695 exacti
431 3627 593 3673 caesorum
614 3606 736 3672 numeri
758 3606 822 3670 200
842 3605 887 3670 R..
901 3614 928 3682 †-'
942 3604 1006 3670 800
1028 3605 1060 3672 0.
1083 3618 1121 3684 †.·

250 3715 285 3789 3)
308 3722 459 3781 accurata
479 3717 619 3784 locorum
642 3718 824 3802 descriptiu-

248 3828 282 3907 4)
305 3828 385 3893 Livii
405 3827 630 3911 Plutarchique
650 3828 749 3913 (Fau.
764 3850 799 3895 u·
815 3827 913 3914 6-4)
936 3846 1114 3897 consensus.

982 4060 998 4112 5
