2858 4612
695 258 744 330 27

253 455 429 520 Romanam
460 454 663 522 traditionem
692 475 818 540 quoque
850 444 946 523 factio
977 456 1115 523 Barcina
1147 477 1264 523 memo·

168 569 240 639 rata
267 564 421 644 ostendit,
456 566 507 630 cui
535 565 715 645 Hamilcar,
750 571 820 632 tum
846 566 1026 632 Hasdrubal
1049 572 1081 633 et
1102 567 1270 635 Hannibal
1331 572 1335 577 ’

166 677 380 763 praefuerint,
410 679 465 760 qui
485 684 522 743 ut
542 695 673 761 regnum
696 699 787 744 suum
808 684 1007 759 tutarentur,
1040 679 1264 765 Carthaginem

168 810 291 874 semper
311 791 346 856 in
368 789 451 870 bella
471 789 719 874 praecipitarint.

253 923 281 968 ο.
304 901 325 966 6
347 901 418 967 etl
446 923 497 967 res
522 902 564 968 ab
585 900 786 969 Hasdrubale
805 901 839 966 in
861 887 1016 984 Hispania
1037 907 1142 986 gestas
1164 903 1265 970 conti-

168 1019 240 1093 net,
276 1033 349 1078 eum
377 1012 556 1078 foederibus
583 1019 615 1079 et
635 1015 669 1078 in
691 1033 770 1097 pace
791 1033 859 1078 rem
881 1011 1185 1098 Carthaginiensium
1207 1037 1264 1081 au·

167 1126 267 1205 xisse,
300 1123 576 1208 Carthaginienses
599 1124 946 1204 (non,1Hasdrubalem,
984 1132 1021 1191 ut
1041 1127 1147 1194 Livius
1171 1128 1266 1214 Poly-

166 1236 300 1321 biusque
321 1238 467 1319 narrent)
497 1256 568 1302 cum
595 1236 747 1303 Romanis
775 1236 887 1303 foedus
912 1238 1036 1318 iniisse,
1071 1245 1108 1308 ut
1128 1240 1264 1307 Hiberus

166 1349 269 1415 amnis
290 1347 363 1414 finis
385 1348 549 1430 utriusque
570 1347 695 1429 imperii
716 1353 807 1413 esset.
1217 1350 1220 1355 ’

252 1461 385 1527 Fcederi
405 1462 569 1544 Appianus
591 1479 716 1543 quoque
736 1459 843 1525 addit:

281 1593 341 1648 niv.
360 1595 403 1646 21.
422 1593 448 1644 2.
605 1589 679 1660 App.
697 1589 771 1643 lber.
791 1591 815 1642 7.
962 1591 1075 1647 toas.
1094 1594 1125 1645 21
1147 1594 1229 1664 (rte).
1299 1574 1302 1578 ’

167 1689 350 1774 Saguntinis
392 1687 503 1753 mediis
582 1679 813 1764 Ζοικανθαίους
843 1683 879 1752 δὲ
963 1682 1197 1765 Ζακαυθαίους
1231 1686 1265 1754 ἓν
1394 1738 1395 1743 ,

165 1802 249 1867 inter
270 1801 403 1885 imperia
425 1801 503 1866 duo-
581 1794 735 1875 καὶτοὺς
762 1790 880 1877 ἄλλους
964 1801 1039 1876 ταῖς
1073 1795 1158 1885 πρὸς
1189 1797 1266 1879 τοὺς

166 1934 237 1978 rum
258 1911 447 1996 populorum
468 1911 507 1977 li·
583 1907 617 1976 ἐν
629 1903 755 1996 Ἰβηρίᾳ
766 1904 881 1998 Ἕλλη·
966 1906 1209 1998 Καρχηδουίους

165 2024 274 2092 bertas
295 2028 482 2091 servaretur.
580 2045 638 2100 νας
680 2015 878 2106 αὐτονόμους
964 2018 1145 2110 συνθήκαις
1177 2017 1266 2105 ’ἔξαι-

584 2129 641 2196 καὶ
690 2129 882 2220 ἐλευθέρους
966 2129 1078 2218 ρέτους
1106 2129 1267 2223 ἐπεποιή-

586 2235 679 2308 εἶυαι.
964 2266 1073 2310 secor.

166 2373 249 2437 quae
269 2353 368 2421 verba
389 2320 475 2437 epus
497 2353 563 2419 Pol.
586 2354 616 2418 3.
640 2355 691 2422 ου.
714 2355 745 2434 ο,
770 2355 799 2418 s.
823 2355 968 2437 29-30,
1003 2358 1059 2440 qus
1079 2358 1264 2441 antiquissi-

166 2487 252 2532 mam
272 2471 369 2550 atque
390 2467 540 2549 optimam
562 2466 648 2533 illius
669 2466 805 2534 foederis
826 2467 961 2534 formam
974 2469 1117 2548 tradidit,
1140 2469 1263 2537 desunt.

168 2577 257 2656 Quae
287 2578 417 2644 traditio
450 2598 520 2643 meo
552 2579 680 2662 quidem
715 2578 831 2645 iudicio
864 2580 1043 2646 Romanurn
1078 2581 1264 2664 scriptorem

167 2686 320 2767 ostendit,
342 2689 397 2770 qui
417 2688 583 2770 iniuriam,
605 2711 701 2773 quam
722 2690 823 2756 Roma
846 2691 939 2756 sociis
960 2691 1079 2757 relictis
1101 2692 1264 2758 commise-

166 2803 234 2877 rat,
256 2798 485 2866 dissimulabat.
529 2800 671 2866 Eandem
693 2801 882 2866 sententiam
907 2801 991 2866 enim
1013 2801 1094 2885 App.
1116 2801 1198 2868 Iber.
1224 2803 1263 2866 11

166 2907 341 2997 invenimus
369 2908 403 2974 in
431 2911 568 2977 consiliis
596 2910 636 2976 de
657 2911 839 2995 Saguntinis
861 2911 1016 2977 mittendo
1037 2913 1174 2992 auxilio,
1209 2913 1265 2981 ubi
1394 2940 1405 2948 ’

76 3010 81 3021 ’
164 3002 297 3104 'quidam
328 3028 489 3089 senatores
516 3023 667 3089 auxilium
691 3025 880 3091 mittendum
902 3045 970 3091 essa
990 3031 1109 3109 negant
1130 3024 1264 3110 „ttyov-

127 3184 132 3189 .
166 3155 221 3210 υος
241 3129 433 3219 ἐλευθέρους
454 3127 503 3199 ἔτι
525 3129 679 3211 καὶτοὺς
700 3133 994 3221 πολιορκουμένους
1015 3125 1129 3200 εἶναι“.
1151 3206 1158 3215 x

251 3244 312 3311 c.8
335 3251 368 3311 ot
388 3245 408 3309 9
431 3247 595 3313 continent
615 3243 823 3313 Hasdrubalis
845 3252 979 3312 mortem
999 3266 1056 3330 per
1076 3267 1200 3312 servum
1222 3245 1263 3312 cb

167 3357 248 3423 iram
269 3357 428 3425 interiecti
449 3358 568 3424 domini
591 3357 672 3438 (Liv.
694 3359 746 3425 21.
768 3359 820 3440 2),
853 3356 1160 3442 Carthaginiensium
1182 3359 1264 3441 opti-

166 3472 287 3532 matum
310 3466 417 3532 odium
439 3468 473 3534 in
494 3467 705 3534 Hannibalern
728 3469 856 3551 eiusque
877 3467 1065 3548 factionem,
1094 3473 1264 3551 postquam

164 3580 332 3664 imperium
347 3580 546 3646 Hasdrubale
567 3579 716 3646 defuncto
738 3580 780 3646 ab
803 3580 943 3646 exercitu
963 3580 1096 3663 accepit,
1117 3599 1181 3664 quc
1195 3600 1263 3647 mc·

165 3696 218 3759 tus
239 3692 402 3758 Hannibal
423 3693 574 3758 Romanis
595 3691 714 3758 bellum
734 3692 851 3758 intulit.

250 3804 415 3888 Appianas
435 3805 484 3869 illi
504 3805 664 3871 Fabianae
683 3805 830 3871 relationi
851 3803 933 3882 (Pol.
955 3803 985 3869 3.
1008 3803 1045 3890 8)
1069 3803 1263 3879 ¹Hannibalis

164 3914 320 3999 regnandi
347 3914 528 3998 cupidinem
556 3915 632 3980 belli
659 3913 788 3981 causam
809 3915 906 3979 fuisse
926 3935 1030 3998 pauca
1050 3913 1140 3980 addit
1161 3936 1263 3999 popu·

164 4025 233 4095 lnrn
254 4025 561 4112 Carthaginiensium
585 4048 711 4111 quoque
731 4025 905 4094 Hannibali
926 4027 1075 4094 infestum
1097 4025 1203 4095 fuisse.
