2858 4612
699 245 722 316 8
787 298 790 302 .

165 443 327 528 perlucide
352 465 459 511 omnes
486 445 571 511 illius
594 444 670 511 belli
692 467 804 512 causas
826 466 859 512 se
880 449 1084 511 narraturum
1106 466 1173 512 esse
1194 447 1264 530 pol-

166 555 288 622 licetur.

257 667 287 732 3.
332 667 407 731 Pon.
424 668 454 731 2.
475 667 518 732 40
538 668 560 731 4
581 669 672 734 Arati
686 669 824 754 Sicyonii
842 661 1156 753 ὑπομνηματισμούς
1169 667 1202 731 in
1216 687 1267 732 re·

165 777 224 844 bus
246 778 376 844 Graecis
397 778 582 843 enarrandis
603 780 763 858 nominat,
787 800 880 862 quem
902 779 1099 864 Phylarcho,
1122 778 1177 861 qui
1198 777 1265 841 alia

167 892 315 971 omiserit,
337 891 402 956 alia
423 889 595 970 effinxerit,
617 890 682 956 alia
702 892 913 971 imminuerit,
935 896 992 957 aut
1012 892 1150 969 auxerit,
1172 911 1265 975 prae-

169 1002 241 1067 fert.

250 1113 281 1176 4.
325 1113 400 1176 Pon.
424 1112 454 1176 3.
477 1112 497 1176 6
518 1113 688 1179 nonnullos
710 1107 792 1178 ἔνιοι
814 1115 880 1176 τῶν
900 1107 1108 1199 γεγραφότων
1122 1108 1182 1190 τὰς
1195 1106 1265 1176 κατ’

159 1219 315 1308 Ἀννίβαν
341 1221 477 1311 πράξεις
499 1229 740 1303 commemorat,
777 1225 831 1306 qui
854 1245 965 1289 causas
987 1223 1064 1289 belli
1085 1222 1196 1287 Punici
1217 1243 1266 1288 se-

169 1337 264 1402 cundi
290 1336 423 1420 Sagunti
453 1337 720 1420 oppugnationem
750 1340 782 1401 et
809 1334 998 1400 Hannibalis
1019 1334 1129 1400 Hiberi
1150 1333 1266 1399 transi-

166 1452 234 1512 tum
257 1446 408 1525 dixerint,
437 1467 516 1528 quas
539 1467 604 1510 non
625 1466 738 1510 causas
761 1439 900 1530 (αἰτίας)
922 1446 978 1510 sed
999 1444 1174 1528 primordia
1195 1436 1267 1529 (ἅρ-

165 1552 237 1638 χᾶς)
260 1556 337 1622 belli
358 1557 455 1622 fuisse
477 1557 622 1622 ostendit.
675 1557 794 1636 Quibus
817 1555 1133 1641 Carthaginiensibus
1155 1560 1266 1621 aucto-

166 1668 255 1734 ribus

251 1778 282 1843 5.
326 1778 402 1842 Pon.
427 1778 456 1842 3.
481 1777 501 1841 8
527 1777 630 1843 verbis
663 1773 791 1860 Φάβιος
821 1774 857 1842 δὲ
885 1769 1111 1858 ὃῬωμαϊκὸς
1132 1798 1268 1863 συγγρα-

166 1887 247 1977 φεύς
269 1890 403 1955 Fabium
425 1891 574 1974 opponit,
606 1890 660 1971 qui
682 1895 807 1972 praeter
828 1889 1004 1972 Saguntum
1026 1890 1165 1955 excisum
1187 1891 1269 1957 Has-

169 1999 310 2066 drubalis
331 1999 582 2083 Hannibalisque
609 1998 814 2064 ambitionem
843 1998 1059 2083 regnandique
1088 2002 1268 2083 cupidinem

166 2108 243 2175 belli
263 2110 374 2175 Punici
396 2110 526 2176 secundi
549 2131 660 2176 causas
683 2110 779 2175 suisse
801 2110 897 2189 dicat,
919 2115 952 2176 et
972 2110 1184 2178 Hannibalem
1199 2113 1267 2179 bel-

166 2221 233 2286 lurn
260 2221 393 2304 gessisse
420 2227 533 2286 contra
558 2223 803 2306 magistratuum
826 2221 1138 2305 Carthaginiensium
1159 2226 1271 2290 volun·

165 2338 274 2398 tatem.

214 2478 217 2484 ·
252 2444 395 2528 Utraque
424 2450 517 2528 parte
544 2445 653 2510 audita
682 2444 832 2529 Polybius
854 2466 943 2510 suam
966 2443 1058 2512 affert
1079 2447 1267 2530 opinionem,

167 2577 206 2620 ex
228 2577 292 2638 qua
313 2577 406 2621 verae
428 2557 503 2621 belli
525 2578 637 2623 causae
659 2557 788 2623 fuerunt
805 2558 942 2640 primum
958 2558 1069 2622 odium·
1078 2558 1268 2623 Hamilcaris

168 2667 289 2731 Barcae
308 2665 343 2729 in
364 2665 542 2745 Romanos,
572 2672 641 2731 tum
671 2665 978 2749 Carthaginiensium
1005 2667 1054 2733 ira
1084 2667 1123 2732 de
1151 2670 1270 2734 amissa

167 2778 333 2857 Sardinia,
367 2777 503 2862 denique
518 2779 685 2863 »Hispania
716 2778 880 2844 celerrime
908 2800 929 2844 a
957 2778 1268 2864 Carthaginiensibus

167 2888 308 2955 subacta.

253 3001 282 3066 6.
326 3002 402 3067 Pon.
426 3001 456 3067 3.
477 3002 520 3066 20
547 3003 582 3066 in
603 3001 774 3066 nonnullos
799 2995 881 3067 ἔνιοι
903 3004 968 3065 τῶν
990 2999 1199 3089 συγγραφέων
1219 3003 1270 3068 in·

166 3112 309 3192 vehitur,
346 3115 401 3195 qui
429 3118 502 3197 post
523 3113 699 3196 Saguntum
720 3095 859 3176 excisum
880 3112 1041 3177 Romanos
1063 3113 1268 3192 consuluisse,

168 3231 276 3292 utrum
304 3225 458 3293 inferrent
480 3223 793 3310 Carthaginiensibus
816 3222 935 3287 bellum
956 3242 1081 3300 annon,
1118 3243 1268 3289 narrave-

168 3340 234 3405 rint
263 3344 296 3405 et
325 3339 484 3404 orationes
512 3339 547 3403 iu
573 3339 718 3402 Romano
745 3339 857 3400 senatu
883 3333 1030 3400 debello
1052 3335 1188 3417 gerendo
1211 3337 1268 3402 ha-
1377 3333 1380 3337 ’

168 3453 254 3519 bitae
275 3451 473 3517 tradiderint
525 3449 691 3529 Polybium
719 3446 823 3512 verbis
850 3441 958 3531 „ande
979 3442 1039 3528 μὲν
1060 3435 1117 3511 οὖν
1138 3442 1180 3511 τὰ
1200 3471 1269 3514 τοι·

169 3568 252 3629 αὕτα
273 3567 339 3630 τῶν
365 3556 621 3648 συγγραμμάτων
650 3547 705 3624 οἷα
735 3557 869 3640 (qualia)
899 3552 1016 3643 γράφει
1041 3556 1187 3644 Χαιρέας
1213 3558 1269 3625 καὶ

169 3669 322 3751 Σωσύλος
352 3665 447 3738 οὐδὲν
476 3665 516 3736 ab
545 3668 616 3736 δέοι
637 3666 740 3734 πλέον
773 3665 877 3752 λέγειν
907 3666 1001 3731 κτλ.“
1033 3668 1066 3730 in
1096 3667 1268 3734 Chaeream

171 3791 203 3852 et
230 3783 374 3870 Sosylum
398 3783 504 3849 invehi
532 3782 566 3848 O.
588 3783 717 3847 Petcrus
746 3780 863 3862 aliique
892 3779 1114 3844 existimarunt
1121 3806 1130 3858 ;
1166 3801 1268 3863 neque

170 3901 279 3961 tamen
299 3895 340 3960 iis
360 3894 519 3960 adsentire
539 3911 721 3976 possumus3
747 3892 847 3955 multo
869 3889 971 3974 magis
992 3889 1032 3954 iis
1054 3909 1179 3973 quoque
1199 3913 1269 3958 ver·

172 4008 223 4075 bis
254 4027 326 4073 eum
353 4007 388 4071 in
418 4005 551 4071 Fabium
582 4003 761 4070 Romanum
790 4003 976 4088 scriptorem
1009 4004 1269 4072 animadvertisse
