2858 4612
687 260 738 336 59

163 459 220 525 ubi
231 459 283 548 ·B.
306 461 394 526 verbi
416 455 638 528 συνίστασθαι
659 465 722 531 vim
750 458 911 549 (pugnare
927 461 967 527 cf.
991 460 1057 525 Pol.
1082 458 1111 524 3.
1131 459 1184 537 21,
1208 457 1259 522 14.

165 569 194 634 8.
216 571 249 651 9)
272 592 336 637 non
357 578 443 639 recte
459 575 624 657 ,perspexit
646 575 711 656 (‚‚d.
734 575 851 641 Rb'mer
872 572 1053 638 cammaron
1074 570 1164 650 sich).

249 681 397 766 Polybius
425 685 667 750 vetustissimam
697 685 871 751 Fabianam
903 682 1106 748 traditionem
1138 683 1260 758 narrat,

163 790 272 874 itaque
292 792 428 859 breviter
449 794 575 876 quidem
598 796 654 862 sed
675 797 775 861 multo
796 795 974 861 accuratius
996 794 1031 858 in
1052 792 1180 876 proeliis
1203 791 1258 856 de·

164 905 338 971 scribendis
360 927 455 988 quam
478 907 585 973 Livius
607 904 680 988 (,,τὸ
702 907 857 992 τέταρτον
877 899 1136 992 στρατόπεδον,“
1167 923 1260 988 prae-

165 1019 263 1084 torios
285 1018 381 1084 fuisse
402 1020 510 1101 viros).

251 1128 358 1193 Livius
386 1135 498 1195 contra
525 1129 586 1195 hoo
614 1129 684 1194 loco
712 1148 837 1213 quoque
864 1129 1070 1212 posteriorem
1097 1125 1261 1193 annalium

166 1240 350 1324 scriptorem
379 1241 537 1323 sequitur,
568 1240 624 1336 qui
643 1239 735 1305 Fabii
762 1240 976 1305 narrationem
1006 1241 1191 1311 exornarem
1227 1234 1261 1300 id

167 1351 338 1418 ostendunt
368 1353 399 1434 l)
429 1357 494 1416 tres
520 1351 627 1418 variae
654 1350 693 1416 de
722 1350 957 1415 triumvirorum
978 1348 1157 1414 nominibus
1179 1346 1262 1411 rela-

165 1466 284 1543 tiones,
321 1465 376 1546 qui
405 1469 516 1547 postea
546 1463 642 1548 legati
672 1468 827 1530 vocantur
856 1467 961 1544 (,‚cum
990 1461 1070 1527 haec
1092 1458 1132 1524 de
1152 1456 1262 1540 leporis

167 1578 347 1643 nuntiatum
369 1581 503 1658 esset‘),
543 1578 580 1663 2)
608 1576 716 1660 magni
737 1595 900 1640 caesorum
922 1572 1062 1651 numeri,
1096 1570 1161 1635 500
1182 1591 1209 1635 v.
1232 1579 1262 1648 †,

169 1690 231 1755 700
253 1700 272 1766 †
293 1668 366 1755 etb
381 1690 471 1772 siquo
492 1689 559 1753 mil.
577 1713 603 1753 c.
651 1688 687 1774 3)
708 1687 815 1753 Livius
836 1707 901 1752 non
922 1689 1069 1752 accurate
1090 1684 1170 1763 loca,
1193 1682 1263 1766 qui·

166 1803 226 1869 bus
247 1803 369 1887 proelia
391 1801 557 1868 commissa
573 1805 656 1879 sunt,
677 1806 714 1865 ut
727 1799 871 1878 vidimus
894 1797 1007 1863 differt.
1052 1797 1263 1875 Quamobrem

167 1913 219 1979 hic
241 1925 366 1996 quoque
386 1911 547 1979 Valerium
563 1912 722 1977 Antiatem
744 1909 867 1975 Livium
888 1913 1030 1974 secutum
1052 1927 1119 1973 esse
1141 1926 1262 1972 censeo.

695 2101 733 2167 V.

253 2261 280 2305 o.
303 2237 430 2304 26-38
455 2238 562 2304 Livius
582 2238 770 2304 Hannibalis
794 2238 943 2304 Rhodani
965 2239 1154 2323 Alpiumque
1175 2243 1264 2305 tran-

168 2349 263 2413 situm
284 2369 301 2414 e
322 2348 428 2414 (laelio
451 2354 563 2414 narrat
584 2349 637 2428 (of.
661 2349 830 2415 Boettcher
851 2371 881 2433 p.
906 2349 1078 2430 380-90).

253 2562 365 2647 Itaque
384 2563 419 2628 in
439 2563 502 2628 hac
524 2583 648 2647 quoque
668 2570 758 2648 parte
780 2570 845 2632 tres
859 2566 1029 2632 relationes
1045 2567 1079 2632 in
1093 2566 1183 2633 Livio
1196 2588 1265 2634 esse

169 2673 329 2739 existimo:

255 2787 287 2866 1)
308 2784 400 2851 Fabii
420 2806 448 2851 c.
474 2786 609 2866 17-20,
635 2788 669 2866 2)
692 2788 811 2855 Valerii
832 2790 970 2856 Antiatis
991 2810 1018 2855 c.
1042 2791 1180 2873 25-26,

168 2895 204 2982 3)
226 2895 325 2962 Caelii
347 2897 510 2982 Antipatri
530 2919 558 2964 c.
581 2897 709 2962 21-24
729 2905 762 2965 et
782 2921 809 2965 c.
824 2900 961 2966 26-37.

687 3145 743 3211 111.

226 3289 257 3342 o.
291 3262 459 3344 39—63
491 3289 556 3343 res
586 3291 620 3342 a.
652 3266 734 3345 218
765 3272 910 3372 gestae
941 3272 1195 3348 enarrantur.

704 3453 724 3505 I.

253 3593 280 3636 o.
303 3571 430 3664 39-48
457 3574 492 3639 in
516 3575 614 3641 rebus
643 3575 684 3640 ab
713 3576 851 3642 adventu
872 3576 1061 3643 Hannibalis
1083 3578 1117 3642 in
1139 3577 1264 3644 Italiam

166 3704 266 3766 usque
293 3682 334 3748 ad
362 3668 501 3768 pugnam
529 3686 569 3750 ad
597 3685 743 3752 Trebiam
767 3688 964 3753 commissam
990 3686 1111 3753 duobus
1132 3688 1166 3753 in
1187 3688 1266 3754 locis

166 3797 246 3860 duca
268 3794 433 3862 relationes
453 3797 540 3881 apud
561 3799 683 3862 Livium
706 3800 890 3866 invenimus.

251 3927 278 3972 c.
301 3906 343 3970 46
372 3907 407 3971 in
428 3907 549 3990 praelio
574 3909 713 3990 equestri
740 3909 782 3975 ad
803 3911 945 3977 Ticinum
966 3912 1144 3979 enarrando
1167 3914 1264 3981 Caelii

166 4015 436 4102 Carthaginiensis
458 4018 601 4085 narratio
623 4019 771 4106 Ligurem
792 4043 932 4103 servum,
961 4024 1106 4092 Romana
1126 4025 1161 4089 P.
1185 4026 1264 4092 Gor·
