2858 4612
692 263 797 357 15.

249 463 285 544 4)
308 463 386 541 (Pol.
404 463 431 526 3.
449 463 499 527 33.
515 462 634 543 5-60)
657 462 805 528 Rhodani
826 462 996 527 transitum
1019 466 1051 526 et
1070 459 1260 526 Hannibalis
1292 475 1295 484 ’

163 595 222 658 per
245 573 340 657 Alpes
359 575 437 653 iter,
474 574 559 656 quod
586 575 795 657 ephemeridis
823 575 857 639 in
884 574 1013 639 modum
1034 573 1185 658 Polybius
1206 594 1260 638 ex·

163 686 271 770 ponit,
300 690 336 750 ut
364 686 599 750 accuratissime
629 687 669 750 21
685 686 813 757 ,dierum
836 688 930 769 spatii
951 686 992 751 ab
1014 686 1151 752 adventu
1172 685 1260 750 Han-

163 797 280 864 nibalis
301 797 342 863 ad
364 797 554 862 Rhodanum
575 819 675 881 usque
695 798 737 863 ad
762 800 866 882 Alpes
892 799 931 863 15
954 799 1076 864 dierum
1096 816 1197 882 usque
1218 797 1260 863 ad

163 909 333 975 adventum
355 909 388 973 in
410 908 554 987 ltaliam,
576 910 703 973 omnino
725 909 767 973 36
790 895 926 988 dierum,
957 910 1073 974 itinera
1093 928 1132 974 ac
1154 914 1260 974 castra

164 1021 280 1086 stativa
302 1019 481 1084 describere
503 1020 669 1103 possimus.

250 1130 294 1197 Ut
327 1130 406 1196 haec
428 1131 596 1214 ‚intelligas
626 1131 811 1196 relationem
843 1131 882 1199 de
913 1131 1104 1197 Hannibalis
1133 1131 1260 1214 Alpium

164 1245 301 1309 transitu
323 1242 402 1309 Livii
423 1265 462 1309 ac
482 1243 606 1327 Polybii
627 1258 807 1326 comperce,
842 1264 905 1326 quo
930 1243 1017 1310 facto
1037 1243 1128 1323 ilico,
1160 1263 1261 1326 quan-

164 1359 233 1419 tum
262 1354 379 1419 distent
408 1352 506 1418 Caelii
534 1360 706 1419 exornatae
732 1354 818 1418 illius
845 1353 921 1419 belli
942 1354 1093 1420 historiae
1115 1359 1146 1419 et
1168 1354 1262 1439 Poly-

165 1465 210 1530 bii
230 1465 376 1529 militaris
394 1464 508 1528 relatio
530 1463 665 1542 videbis,
694 1464 850 1547 simulque
872 1464 994 1530 Livium
1015 1466 1104 1531 nullo
1126 1465 1262 1532 modoa

166 1577 288 1661 Polybii
308 1576 463 1641 relatione
484 1574 676 1659 dependere,
697 1581 734 1640 ut
756 1575 789 1640 6.
813 1576 905 1642 Peter
927 1577 1094 1643 existimat.

249 1690 375 1772 Ubique
396 1691 547 1755 maiorem
569 1690 604 1753 in
624 1688 819 1771 temporibus
842 1689 1028 1755 enarrandis
1043 1689 1166 1775 Polybii
1190 1688 1262 1754 dili·

153 1803 304 1887 ‘gentiam
332 1802 531 1885 agnoscimus
564 1822 628 1883 qua
657 1821 690 1865 se
721 1802 907 1886 scriptorem
940 1803 1108 1868 militarem
1136 1801 1260 1887 probat.

166 1910 272 1976 Livius
299 1911 424 1994 singula
451 1911 542 1976 addit
568 1911 655 1977 velut
682 1911 784 1976 verbis
815 1933 892 1995 „per
918 1908 1068 1977 fluentem
1093 1910 1202 1976 tabem
1223 1908 1262 1976 li-

166 2023 343 2104 quescentis
365 2023 467 2087 nivis“
496 2022 647 2089 describit
673 2045 726 2089 eos
748 2025 866 2089 rivulos
890 2043 970 2106 quos
993 2023 1129 2089 dicimus
1151 2022 1262 2102 „Glet-

167 2130 407 2211 scherbaeche“‚
426 2137 457 2198 et
471 2138 582 2198 narrat
596 2133 629 2198 in
644 2133 696 2198 via
716 2133 888 2199 munienda
907 2134 1054 2199 ardentia
1074 2152 1153 2198 saxa
1171 2136 1262 2197 aceto

164 2240 270 2306 infuso
291 2242 470 2324 putrefacta
491 2264 574 2322 esse,
608 2244 692 2327 quod
720 2250 847 2329 praeter
876 2266 947 2311 eum
983 2245 1069 2310 solus
1099 2243 1262 2329 appianus

168 2348 281 2415 Hann.¹
295 2352 317 2414 4
338 2352 446 2416 tradit.

252 2462 328 2527 Post
341 2463 431 2526 illam
446 2463 573 2546 Alpium
588 2465 709 2529 itineris
729 2464 952 2544 narrationem,
975 2486 1081 2548 quam,
1103 2470 1139 2531 ut
1152 2465 1261 2530 Boea

166 2573 280 2640 cherua
301 2576 365 2639 iam
388 2575 540 2655 ostendit,
575 2575 725 2660 Polybius
746 2597 763 2642 e
784 2572 891 2643 Sileno
912 2577 1034 2658 hausit,
1062 2578 1261 2644 exactissime

166 2683 387 2749 describuntur
408 2705 473 2750 non
494 2685 588 2750 modo
609 2687 732 2753 numeri
752 2691 849 2768 atque
870 2687 999 2752 habitus
1014 2687 1169 2753 exercitus
1185 2686 1257 2752 (lar-

166 2794 373 2878 thaginiensis
393 2796 428 2860 in
448 2796 574 2861 ltaliam
595 2797 790 2862 advenientis
813 2797 857 2876 (3.
880 2797 952 2882 60),
989 2797 1161 2864 sedetiam
1182 2802 1262 2863 tem·
1329 2853 1331 2859 .

166 2929 244 2990 pora
266 2907 437 2991 populique
458 2905 499 2970 ad
521 2925 599 2987 quos
621 2908 717 2984 venit,
738 2912 775 2972 ut
796 2906 904 2991 Polyb.
928 2927 981 2973 eos
1003 2930 1020 2974 e
1041 2908 1071 2973 3.
1094 2909 1144 2972 36.
1165 2909 1185 2972 3
1207 2930 1262 2974 ex-

165 3019 268 3100 p'osito
290 3016 423 3081 consilio
443 3016 606 3082 nominare
626 3016 740 3096 voluit,
762 3016 969 3085 Taurinorum
991 3019 1078 3085 urbis
1096 3041 1262 3103 expugna-

165 3129 210 3194 tio
232 3135 304 3212 post
325 3133 390 3194 tres
412 3126 488 3206 dies,
510 3125 628 3193 editum
649 3129 683 3193 in
706 3129 818 3195 castris
833 3129 1139 3214 Carthaginiensium
1161 3131 1262 3214 capti·
1329 3151 1331 3154 ’

167 3263 276 3306 vorum
298 3239 512 3326 spectaculum
534 3240 580 3325 (3.
603 3240 676 3319 62),
704 3242 860 3325 proelium
881 3248 1024 3324 equestre
1045 3243 1087 3311 ad
1109 3243 1261 3325 Ticinum,

169 3369 247 3430 quas
267 3353 465 3417 narrationes
479 3351 543 3416 iam
559 3351 767 3418 Boettcherus
782 3360 867 3420 recte
882 3376 903 3433 a
916 3331 1170 3439 sncno'repetiit.
1213 3354 1265 3419 Ad

169 3457 302 3535 eundem
329 3461 467 3528 Silenum
494 3463 612 3529 referas
639 3485 719 3547 quae
746 3466 897 3551 Polybius
917 3473 989 3552 post
1017 3468 1078 3533 hoc
1106 3466 1262 3551 praelium

169 3575 350 3643 enarratum
376 3570 416 3638 de
443 3573 523 3640 Padi
546 3576 684 3641 transitu
712 3575 902 3642 Hannibalis
932 3578 995 3657 (66.
1027 3578 1047 3641 6
1076 3573 1262 3655 καταλύσας

167 3682 374 3768 δευτεραῖος),
393 3685 432 3769 de
453 3687 566 3753 castris
587 3685 672 3771 apud
694 3688 888 3755 Placentiam
911 3689 1023 3754 locatis
1044 3695 1076 3755 et
1097 3690 1137 3755 de
1159 3689 1261 3756 Gallis

149 3792 237 3861 'cum
260 3795 440 3864 Hannibale
461 3820 495 3865 se
516 3800 719 3884 iungentibus
739 3801 847 3868 tradit.

249 3906 393 3973 Eundem
421 3910 455 3974 in
481 3931 591 3994 pugna
615 3911 657 3975 ad
679 3909 824 3976 Trebiam
847 3912 1026 3978 enarranda
1048 3913 1092 3997 (3.
1117 3912 1259 3998 68-74)

164 4018 349 4102 scriptorem
369 4020 554 4087 invenimus.
598 4020 684 4088 Loca
704 4022 793 4088 varia
814 4022 938 4088 insidiis
958 4028 1056 4108 apta,
1091 4021 1260 4107 Magonem
