2858 4612
721 240 771 312 20

108 520 115 541 x
197 439 371 506 Fabianam
394 441 579 506 relationem
602 442 758 524 sequitur3
781 440 976 522 eundemque
992 439 1131 506 Silenum
1152 439 1186 502 in
1208 436 1299 502 clade

197 551 343 631 Minucii,
366 554 422 634 qui
441 552 531 619 Fabii
553 553 671 618 auxilio
693 558 835 618 servatus
858 557 906 616 est
927 551 1076 633 sequitur.
1180 561 1195 599 <'

282 664 363 730 Nam
385 665 437 730 hic
460 685 585 748 quoque
606 664 747 730 locorum
773 665 867 729 situm
891 664 978 743 (1οι1ο
1000 663 1099 743 3-5)
1121 668 1300 745 temporum

196 775 352 843 rationem
374 775 460 859 (104.
482 775 501 838 6
524 768 593 856 ἅμα
614 778 661 859 τῷ
684 770 881 859 διαυγάζειν,
912 772 982 837 105.
1010 774 1026 835 1
1049 765 1123 858 ἀρτι
1143 774 1202 858 τῆς
1221 767 1299 858 ἡμέ-

198 915 256 977 ρας
277 887 537 975 ἐπιγενομένης),
570 887 709 953 Graecas
730 908 823 952 voees
847 883 1003 973 ,ἕρμαιον
1024 876 1108 950 εἶναι
1129 878 1298 967 νομίσαςίί,

61 1030 63 1037 <
97 1031 99 1034 ⁴
197 990 346 1084 Polybius
375 1022 392 1065 e
423 997 676 1081 Carthaginiensi
709 1001 821 1062 autore
849 994 972 1074 hausit,
1009 1016 1102 1078 quem
1131 1015 1156 1059 ο.
1184 990 1298 1057 1058

198 1129 323 1192 quoque
344 1109 488 1173 nominat
508 1106 611 1172 verbis
635 1107 728 1186 „soie
747 1104 809 1187 μέν
830 1093 886 1168 οὖν
907 1096 1095 1190 παράίτδν
1116 1100 1300 1187 γενομένοις

196 1218 254 1286 τὸν
274 1216 446 1286 κίνδονονκ
476 1239 558 1302 quae
579 1217 677 1284 verba
696 1218 731 1281 in
754 1216 894 1282 Silenum
915 1220 951 1281 ut
972 1221 1049 1298 puto
1071 1215 1301 1288 demonstrant,

197 1332 273 1399 dum
301 1332 405 1398 verbis
436 1329 638 1414 sequentibus
669 1330 764 1409 „wig
786 1321 816 1393 δ’
838 1324 873 1392 ἒν
892 1331 934 1413 τῇ
952 1320 1057 1414 Ῥώμῃ
1077 1321 1153 1391 τίτε
1174 1323 1299 1411 ἐγένετο

196 1440 336 1532 φανερὸν
357 1438 659 1527 ὁμοίογοομένως“.

364 1592 421 1647 Pol.
440 1593 464 1645 3.
486 1592 546 1646 105.
564 1590 581 1644 9
938 1583 1021 1640 Diod.
1039 1588 1083 1641 26.
1101 1587 1118 1639 5

892 1683 940 1750 qui
959 1681 1076 1734 Fabiam
1095 1679 1151 1750 seq.

196 1779 232 1849 τί
274 1779 423 1869 διαφέρει
472 1780 706 1867 στρατιωτικῆς
749 1771 818 1841 ὑπὸ
832 1771 975 1841 ,πάντων
997 1772 1113 1863 έκρίθη
1137 1771 1301 1854 Μινδκιος

198 1889 401 1981 προπετείας
434 1891 491 1956 καί
526 1884 711 1970 κενοδοξίας
752 1887 812 1971 μέν
828 1883 994 1976 ἀφροσύνῃ
1009 1888 1064 1954 καί
1080 1883 1217 1977 ἀπειρίᾳ
1230 1892 1302 1967 τοῖς

199 1999 440 2090 στρατηγικὴ
462 1995 631 2088 προνοία
651 1995 707 2062 καὶ
751 1993 840 2076 ὅλοις
876 1997 1056 2081 έπταικώς,
1103 1997 1229 2084 Φάβιος
1264 2001 1301 2068 δέ

15 2128 45 2148 ’“
72 2122 77 2127 “
197 2108 356 2198 λογισμὸς
386 2105 490 2188 έστώς
520 2105 575 2173 καί
605 2130 711 2172 νοονε-
753 2099 935 2194 ἀγχινοίᾳ
955 2105 1011 2173 καί
1026 2100 1125 2196 ἀρετῇ
1140 2113 1302 2196 στρατη-

196 2219 255 2310 xvir
277 2271 287 2289 ·
312 2270 318 2285 ·
750 2221 842 2305 γικῇ
863 2215 916 2283 διά
940 2214 1066 2296 παντὸς
1087 2217 1303 2306 προνενοημέ.

749 2351 805 2406 νος
825 2332 884 2416 τῆς
905 2322 1087 2417 ἀσφαλείας
1109 2380 1117 2395 .
1139 2375 1149 2395 .
1172 2377 1181 2395 .
1206 2379 1213 2394 .

198 2445 334 2513 Fabium
355 2443 508 2510 nominat.

285 2672 312 2721 o.
337 2648 460 2715 roe-7
488 2649 602 2730 quibus
623 2669 674 2714 res
695 2649 857 2716 Romanae
878 2651 1066 2732 traduntur,
1101 2652 1179 2720 belli
1201 2676 1300 2739 appa-

198 2767 301 2842 ratus,
323 2761 359 2827 L.
383 2761 537 2826 Aemilius
558 2765 590 2825 ot
612 2759 646 2825 0.
669 2760 833 2827 Terentius
856 2763 1000 2829 eonsules
1022 2765 1096 2832 novi
1118 2771 1177 2832 ete.
1199 2787 1216 2832 e
1237 2767 1301 2834 Ro·

198 2893 294 2940 mano
308 2877 427 2938 ¹autore
447 2871 548 2938 Fabio
568 2873 723 2957 pendent,
751 2873 791 2940 ef.

377 3003 596 3055 mame
821 2980 822 2985 ‘
953 3001 1191 3063 mmm·

198 3090 337 3173 έκάστοο
364 3101 430 3162 τῶν
458 3097 691 3184 στρατοπέδων
718 3094 750 3166 έ-
792 3096 876 3164 κατὰ
897 3100 933 3164 δέ
946 3094 1122 3184 ’Ῥωμαίοις
1141 3097 1161 3190 ἡ
1183 3100 1301 3188 leysos

197 3228 312 3287 χοντος
332 3199 450 3295 ἀνδρας
478 3203 526 3287 εἰς
547 3211 633 3276 5000
652 3207 751 3297 χωρίς
792 3211 878 3277 5000
898 3205 982 3277 εἰσίν
1004 3260 1012 3276 .
1036 3261 1044 3276 .
1067 3261 1075 3277 .

199 3340 265 3382 των
287 3315 493 3402 συμμάχων.
517 3370 524 3388 .
549 3369 558 3387 .
845 3313 854 3323 ’

287 3556 314 3601 α.
338 3536 504 3599 108-118
535 3557 587 3603 res
615 3542 722 3620 gestae
749 3559 849 3622 usque
876 3539 918 3607 ad
944 3560 1084 3625 pugnam
1104 3540 1302 3609 Cannensem

202 3651 235 3713 et
254 3667 362 3731 pugna
384 3647 559 3714 Cannensis
581 3656 762 3716 narrantur.

248 3777 250 3782 ·
287 3757 452 3841 Polybium
479 3759 769 3841 Οανίίιοςίπίοοειοι
791 3763 975 3845 scriptorem
998 3763 1138 3829 Silenum
1160 3773 1302 3833 secutum

201 3887 271 3935 esse
291 3889 331 3934 ex
352 3889 389 3933 eo
411 3869 552 3935 videmus
574 3869 659 3953 quod
681 3869 787 3937 differt
807 3892 828 3938 a
849 3871 930 3937 Livii
950 3875 1133 3942 narratione

211 4053 214 4058 ¹
290 3981 322 4065 1)
344 3978 378 4045 in
400 3981 538 4048 numeris
559 3982 695 4050 Romani
715 3984 871 4051 exereitus
893 3986 1079 4052 enarrandis
