2858 4612
679 226 728 322 ts

164 447 297 513 Fabium
328 449 487 531 impendio
518 451 641 533 privato
675 450 708 515 in
745 450 878 533 captivis
914 450 1129 533 permutandis
1161 449 1256 516 fidem

164 559 322 641 publicam
345 560 512 648 exsolvisse
535 561 696 627 Plutarchi
717 563 812 628 rerba
836 562 974 627 immista
996 582 1062 626 esse
1082 557 1159 642 „nal
1174 560 1257 625 πολ-

167 666 208 734 λὰ
230 667 290 753 μὲν
312 664 412 734 αὐτοῦ
432 669 517 756 πρὸς
537 669 594 737 τὸν
615 665 710 754 ’ὄχλον
732 669 763 739 oi
788 669 946 762 δήμαρχοι
968 668 1146 755 κατεβόων,
1176 667 1258 737 ἐπά-

165 803 280 864 γοντος
300 777 444 862 μάλιστα
459 778 621 847 Μετιλίου
644 780 699 847 καὶ
720 780 970 869 παροξύνοντος,
994 774 1030 861 ὃς
1051 778 1089 848 οὖ
1103 781 1186 849 κατὰ
1200 779 1258 870 τὴν

166 888 249 977 πρὸς
275 889 399 975 Φάβιον
421 888 557 979 ἄρθρον,
596 889 666 959 dlt'
688 890 809 974 οἰκεῖος
836 887 880 958 ὢν
908 890 1092 960 Μινουκίου
1117 898 1175 959 τοῦ
1202 889 1258 957 ἳπ-

166 1000 308 1089 πάρχου,
343 1001 439 1092 τιμὴν
468 997 549 1091 ᾤετο
575 1003 630 1069 καὶ
660 1003 757 1087 δόξαν
788 1002 898 1092 ἐκείνῳ
925 1003 1034 1093 φέρειν
1059 1001 1119 1083 τὰς
1143 999 1259 1069 τούτου

166 1112 354 1200 διαβολάς.“

250 1230 285 1314 3)
309 1251 336 1294 v.
355 1228 431 1294 Fab.
455 1229 474 1293 8
497 1230 551 1313 (cf.
575 1230 640 1294 Liv.
665 1229 716 1293 22.
741 1229 798 1313 35)
820 1229 974 1294 Metilium
996 1228 1118 1294 duabus
1140 1227 1258 1293 oratio·

165 1341 257 1404 nibus
278 1341 311 1403 in
333 1341 465 1405 Fabium
486 1342 607 1420 invehi,
643 1362 721 1423 quas
742 1341 848 1406 Livius
877 1343 910 1406 in
939 1362 1035 1407 unam
1057 1340 1259 1406 contraxerit.

168 1450 356 1515 Plutarchus
372 1451 511 1515 omnino
539 1452 699 1516 contiones
732 1451 771 1516 de
800 1451 968 1532 aequando
997 1452 1130 1535 imperio
1158 1451 1257 1516 multo

166 1562 265 1626 fusius
287 1569 397 1627 narrat
419 1583 513 1644 quam
535 1562 655 1642 LiviuS,
685 1550 739 1644 qui
762 1562 795 1627 Ο.
817 1562 995 1627 Terentium
1017 1562 1193 1627 Varronem
1214 1561 1259 1625 le-

167 1676 213 1758 gis
236 1695 395 1739 suasorem
417 1674 513 1739 fuisse
533 1681 653 1740 narrat.

250 1785 284 1867 4)
316 1808 343 1850 v.
375 1784 451 1849 Fab.
481 1785 607 1849 21-22
639 1785 692 1865 (cf.
722 1782 1024 1863 Liv.27.15-16)
1056 1783 1090 1846 in
1124 1781 1259 1846 Tarento

167 1902 260 1978 capto
282 1895 460 1960 enarrando
481 1894 563 1959 Plut.
586 1894 687 1961 multa
708 1895 880 1972 addidisse,
914 1914 995 1975 quae
1021 1894 1055 1957 in
1084 1893 1164 1958 Livii
1186 1915 1260 1959 nar·

166 2009 288 2072 ratione
309 2029 373 2073 non
395 2009 603 2073 inveniantur.
651 2008 712 2073 Sed
742 2014 827 2073 recte
854 2005 1086 2072 Friedersdorff
1112 2006 1146 2088 (1.
1170 2027 1195 2070 ο.
1224 2026 1255 2089 p,

171 2122 266 2206 1470)
295 2122 359 2186 illic
387 2121 591 2186 Plutarchum
621 2121 728 2204 plures
756 2121 953 2184 narrationes
975 2119 1148 2202 inspexisse
1170 2117 1258 2195 vidit,

161 2233 253 2314 'quod
276 2233 377 2297 verbis
399 2235 502 2295 ταῦτα
523 2229 582 2312 μὲν
604 2221 660 2295 οὖν
682 2225 882 2294 οἱπλεῖστοι
903 2223 1063 2314 γράφουσι
1086 2223 1163 2313 περὶ
1185 2221 1257 2291 νού-

169 2369 240 2424 υων,
265 2340 343 2408 ἔνιοι
365 2342 401 2408 δὲ
422 2345 490 2408 κτλ.
516 2344 661 2420 ostendit,
684 2365 765 2425 quae
786 2343 883 2406 verba
903 2361 973 2406 meo
995 2340 1119 2423 quidem
1141 2338 1259 2403 iudicio

168 2458 238 2522 aliis
259 2455 373 2520 additis
396 2455 486 2538 (Fab.
512 2477 538 2518 c.
564 2456 590 2517 1.
619 2475 646 2518 c.
671 2455 710 2516 lb
733 2458 765 2518 et
787 2475 812 2516 c.
836 2454 892 2538 21)
924 2472 988 2529 non
1018 2473 1057 2517 ex
1082 2471 1146 2515 uno
1173 2451 1261 2516 fonte

169 2567 316 2632 continuo
338 2566 527 2648 descriptam
550 2586 617 2631 esse
638 2565 727 2630 Fabii
750 2566 845 2629 vitam
862 2563 1043 2642 ostendunt,
1066 2563 1120 2628 sed
1135 2562 1260 2627 Plutar-

168 2678 261 2743 chum
283 2677 383 2742 multa
404 2676 516 2761 legisse
538 2683 570 2742 et
591 2683 658 2742 tum
680 2677 768 2740 illam
791 2677 889 2740 vitam
911 2675 1079 2758 scripsisse.

251 2790 285 2869 ὁ)
307 2811 335 2852 v.
353 2788 428 2853 Fau
445 2789 473 2850 2.
489 2788 596 2850 4-14
617 2787 754 2851 Fabium
776 2787 931 2868 portentis
951 2792 1024 2869 post
1043 2786 1197 2868 proelium
1217 2786 1260 2851 ad

167 2900 312 2964 Trebiam
333 2899 530 2961 commissum
552 2897 694 2978 undique
716 2897 869 2961 nuntiatis
890 2917 955 2961 non
968 2898 1162 2964 timefactum
1177 2900 1259 2965 cives

168 3011 328 3073 hortatum
350 3028 417 3072 esse
440 3008 520 3072 Plut.
544 3006 629 3072 solus
651 3007 758 3073 tradit.

250 3341 310 3418 Qui
331 3338 621 3405 additamentorum
642 3336 791 3402 Livianae
810 3337 986 3403 narrationi
999 3337 1257 3407 iniecturumnu-

165 3473 269 3519 merus
296 3452 389 3517 facile
416 3452 524 3534 augeri
554 3450 723 3533 potuisset,
758 3450 784 3514 si
805 3449 915 3514 Scitau
936 3455 1044 3515 nostro
1066 3450 1257 3535 „placuisset

166 3565 271 3629 omnia
299 3563 390 3628 Fabii
418 3563 501 3628 vitae
534 3563 641 3645 capita
672 3584 743 3627 cum
771 3561 859 3628 Livio
888 3568 1090 3646 comparare“
1118 3566 1162 3649 (p.
1187 3564 1254 3646 87).

165 3672 353 3741 Plutarchus
376 3672 461 3737 solus
483 3672 581 3737 tradit

252 3786 284 3869 l)
312 3807 338 3850 c.
361 3784 381 3847 3
410 3783 532 3849 cladem
558 3781 600 3846 ad
620 3780 765 3846 Trebiam
787 3786 951 3865 acceptam
972 3802 1074 3865 neque
1095 3783 1135 3851 ab
1156 3784 1254 3870 impo-
1336 3762 1337 3766 Ἰ

164 3907 270 3967 ratore
290 3918 391 3980 neque
414 3896 525 3961 nuntio
546 3896 665 3960 Romae
686 3892 827 3958 auditam
849 3914 916 3958 esse
938 3894 992 3973 (cf.
1012 3893 1079 3960 Pol
1094 3895 1123 3959 3.
1141 3894 1189 3959 75.
1210 3898 1251 3977 1).

248 4013 281 4092 2)
305 4008 368 4075 c.4
388 4009 422 4073 in
443 4009 602 4075 dictatura
623 4004 830 4073 describenda
849 4005 981 4076 Fabium
1002 4024 1117 4090 equum
1138 4007 1253 4092 petisse
