2858 4612
729 279 779 351 29

203 486 246 552 ad
267 506 407 570 pugnam
428 484 470 548 ad
490 483 645 563 Trebiam,
667 484 821 569 proelium
842 488 987 565 equestre
1000 482 1042 547 ad
1056 482 1198 548 Ticinum
1212 503 1299 549 com·

202 599 343 676 missum,
363 597 524 661 Romanos
545 594 738 692 Placentiam
759 594 927 679 profectos,
948 595 1162 660 Hannibalem
1177 595 1298 684 Padum
1414 588 1417 595 ’

203 708 375 773 transiisse.

292 819 320 883 7.
364 817 706 902 SemproniusScipioni
728 837 761 882 sc
783 818 899 900 iungit,
928 817 1108 900 (utriusque
1130 821 1236 883 castra
1256 818 1299 881 40

204 932 309 998 stadia
325 930 501 1014 distantia)
524 951 632 1014 pugna
646 930 689 994 ad
703 929 858 1007 Trebiam,
882 949 964 1010 quae
981 930 1144 994 nonnullis
1159 930 1300 995 certiori-

203 1043 264 1110 bus
284 1043 490 1108 relationibus
512 1041 673 1106 illustrata
695 1042 729 1105 in
750 1041 913 1106 annalium
934 1041 1300 1125 scriptorem-referenda

204 1161 253 1221 cst
278 1147 373 1237 (Ἀνν.
393 1151 427 1230 ἒς
449 1152 599 1237 δευτέραν
622 1147 707 1237 ὥραν
729 1145 884 1234 dvs'rruvs)
891 1178 900 1231 3
936 1153 970 1217 in
999 1153 1066 1217 acie
1093 1152 1299 1219 describenda

205 1267 362 1334 consentit
383 1286 454 1330 cum
477 1264 624 1349 Polybio,
651 1265 684 1328 in
707 1285 814 1346 pugna
838 1264 1017 1329 enarranda
1038 1264 1200 1329 annalium
1223 1265 1301 1332 scri-

204 1384 327 1465 ptorem
351 1382 407 1441 aut
427 1376 537 1440 militis
557 1376 693 1459 gregarii
715 1376 930 1441 narrationem
954 1377 1105 1461 sequitur.

289 1488 426 1554 Insidiae
447 1510 467 1553 a
488 1487 622 1570 Magone
644 1488 766 1552 locatae
787 1500 852 1552 non
868 1495 1061 1577 narrantum
1083 1510 1190 1573 pugna
1209 1509 1300 1573 prae·

205 1602 297 1687 cipue
318 1602 403 1666 circa
424 1598 608 1683 elephantos
630 1600 799 1666 commissa
821 1605 878 1678 est,
900 1621 1033 1685 quorum
1057 1599 1185 1667 odorem
1205 1604 1301 1683 atquc

205 1715 391 1799 adspectum
406 1712 542 1776 Romani
564 1711 635 1793 equi
657 1712 794 1776 tolerare
814 1733 880 1777 non
901 1718 1035 1796 possunt
1057 1713 1136 1795 (Liv.
1160 1714 1212 1778 21.
1235 1713 1301 1793 55),

206 1826 261 1908 qui
282 1831 351 1890 tum
372 1844 392 1888 a
413 1821 565 1886 Romanis
587 1819 701 1900 πεζοῖς
724 1821 805 1899 (Liv.
821 1822 946 1903 velites)
968 1823 1092 1910 fortiter
1113 1825 1302 1909 impugnari·
1384 1885 1387 1893 ,

205 1943 259 2002 tur
266 1962 275 2015 ;
311 1934 417 2000 clades
447 1938 479 1999 et
508 1933 584 2016 fuga
612 1933 747 1997 Romani
770 1935 925 1998 exercitus
946 1935 979 1998 in
1001 1941 1121 2014 castra,
1149 1934 1301 2002 hibernae

207 2047 419 2132 expeditiones
442 2045 552 2111 eodem
573 2045 667 2109 modo
690 2055 877 2119 narrantur,
902 2067 966 2129 quo
988 2048 1095 2113 Livius
1118 2070 1171 2113 eas
1192 2049 1300 2114 tradit.

206 2159 288 2225 Nam
318 2158 488 2223 exercitum
519 2177 538 2220 a
567 2155 712 2238 Scipione
738 2157 904 2222 vulnerato
927 2156 1114 2224 Cremonam
1136 2159 1301 2224 reductum

208 2292 293 2349 esse,
330 2269 541 2335 Hannibalem
569 2269 603 2348 in
633 2264 777 2334 ἐπίνειον
798 2266 899 2354 βραχὺ
921 2266 1128 2349 Πλακεντίας
1148 2268 1302 2355 impetum

208 2384 318 2450 fecisse
340 2383 419 2463 (Liv.
443 2383 494 2446 21.
515 2381 557 2444 57
580 2381 788 2464 Emporium),
810 2383 874 2444 400
888 2403 916 2445 v,
940 2384 1090 2462 amisisse,
1113 2405 1151 2448 ac
1173 2383 1302 2448 vulnere

208 2499 337 2578 accepto
358 2494 392 2558 in
413 2491 492 2557 Padi
513 2490 631 2573 campis
653 2491 786 2555 hiberna
808 2491 964 2573 posuisse,
994 2492 1154 2557 Romanos
1176 2491 1302 2558 Cremo-

157 2642 166 2659 κ
208 2625 284 2669 nam
305 2608 337 2669 et
358 2602 551 2668 Placentiam
572 2601 605 2664 in
627 2600 760 2665 hiberna
780 2599 910 2665 rediisse
932 2607 1051 2666 narrat.

293 2737 320 2781 c.
344 2714 364 2778 8
406 2715 526 2778 Romae
547 2733 648 2777 novae
670 2712 808 2795 legiones
829 2712 1131 2780 circumscribuntur
1161 2717 1198 2778 13
1221 2715 1298 2798 lepp.

209 2830 335 2893 05000
351 2849 388 2910 p.
413 2827 477 2889 300
500 2849 546 2909 eq.
578 2846 616 2890 ac
649 2825 765 2908 duplex
794 2825 951 2889 sociorum
980 2847 1139 2892 numerus.
1185 2826 1318 2910 Copias·

208 2940 243 3005 in
264 2939 464 3023 Hispaniam,
487 2937 680 3014 Sardiniam,
702 2935 841 3001 Siciliam
864 2936 1068 3001 dimittuntur
1091 2937 1144 3018 (cf.
1168 2937 1249 3019 Pol.)
1272 2944 1304 3003 et

95 3112 98 3119 .
209 3048 329 3114 multae
355 3049 389 3112 in
417 3046 627 3111 Hannibalem
658 3046 716 3109 sub
740 3045 796 3109 On.
821 3043 952 3109 Seruilio
975 3043 1009 3109 Ο,
1032 3045 1188 3112 Flaminio
1211 3068 1302 3126 coss,

209 3180 344 3245 quorum
366 3159 514 3224 Servilius
535 3158 688 3242 Scipionis
711 3159 882 3223 exercitum
905 3159 938 3222 in
961 3158 1047 3224 Pado
1070 3159 1202 3242 accipit,
1229 3159 1304 3224 Fla·

209 3273 325 3338 minius
347 3292 418 3337 cum
440 3272 547 3335 30000
566 3293 595 3354 p.
619 3270 704 3334 3000
719 3291 767 3352 eq.
791 3271 903 3336 ltaliae
924 3270 1082 3355 praesidio
1106 3271 1317 3355 Apenninum·

210 3383 342 3461 insidet3
372 3382 477 3464 Scipio
498 3381 669 3465 proconsul
689 3381 723 3444 in
745 3380 931 3468 Hispaniam
953 3382 1075 3446 missus.

224 3528 226 3532 ·
296 3515 322 3559 c.
339 3493 369 3556 9.
413 3492 574 3558 Hannibal
588 3513 645 3576 per
659 3492 821 3557 Etruriam
837 3494 972 3558 Romam
986 3491 1207 3576 proficiscitur,
1228 3511 1305 3556 con·

210 3608 262 3669 tra
282 3625 353 3669 eum
380 3606 416 3668 0.
446 3605 610 3666 Centenius
631 3604 678 3666 vir
694 3604 839 3686 priuatus
862 3599 1052 3689 (ἰδιώτης)
1074 3625 1144 3666 cum
1166 3603 1252 3668 8000
1272 3625 1301 3666 ο.

211 3717 316 3780 Romo
344 3715 491 3780 dimissus
519 3715 553 3778 in
584 3713 749 3778 Umbriam
778 3716 823 3777 cd
840 3715 959 3798 fauces
988 3713 1022 3777 ίο
1051 3708 1167 3798 λίμνη
1189 3711 1306 3778 Πλει-

212 3823 323 3914 σείνη
353 3826 533 3891 incidendas
563 3826 643 3909 (Liv.
666 3832 698 3890 et
719 3825 785 3890 Pol.
815 3824 998 3892 Centenium
1021 3826 1160 3908 legatum
1183 3825 1306 3891 Servilii

122 4008 132 4023 ,
212 3959 285 4006 oum
305 3937 391 4002 4000
412 3960 440 4002 v.
464 3938 594 4002 missum
616 3957 683 4002 esse
705 3937 858 4016 tradunt).

296 4047 472 4114 Flaminius
504 4052 616 4113 contra
645 4046 857 4114 Hannibalem
890 4047 1040 4115 citissime
1069 4045 1232 4133 proiectus
1264 4045 1306 4112 ad
