2858 4612
717 277 765 350 38

196 476 389 560 inexplorato
410 482 536 560 postero
558 479 609 544 die
623 501 721 564 augn-
763 475 810 558 εἰς
835 475 873 544 τὸ
903 475 1015 547 στενὸν
1036 471 1288 566 ἀπερισκέπτως

196 589 264 653 stiis
286 589 465 671 superatis.
484 639 491 652 .
763 587 908 680 εἰσῆλθε.

219 749 222 752 -
282 701 343 766 Sed
375 723 482 769 omnes
506 703 568 769 hae
599 704 798 770 narrationes
830 705 985 770 Zonaram
1016 703 1078 768 nisi
1109 701 1287 766 Romanum

195 814 383 897 scriptorem·
411 821 552 880 secutum
583 835 650 880 esse
678 836 743 880 non
769 816 954 893 ostendunt,
991 814 1123 878 fortasse
1146 811 1287 876 Caelium

195 930 253 990 aut
272 926 450 990 Romanum
472 925 570 991 Caelii
597 927 734 1005 fontem3
770 928 804 992 in
831 927 944 1011 pugnis
972 923 1199 1001 describendis,
1232 922 1289 987 ubi

196 1034 328 1100 Liviana
349 1039 490 1103 narratio
514 1038 654 1103 Caehum
677 1039 844 1122 praecipue
866 1044 1021 1119 sequitur,
1055 1036 1195 1099 Zonaras
1216 1032 1289 1098 bre-

195 1149 321 1215 vissime
342 1158 469 1230 narrat,
495 1156 531 1216 ut
552 1152 617 1217 eius
639 1151 742 1215 fontes
763 1171 953 1232 nequeamus
975 1148 1160 1233 perspicere.

280 1260 317 1324 Id
345 1282 418 1326 vero
449 1263 621 1327 certissime
652 1261 784 1326 Dionem
814 1259 954 1325 Cassium
977 1259 1115 1324 Silenum
1146 1262 1288 1323 secutum

196 1393 281 1451 esse,
315 1374 401 1456 quod
430 1373 463 1438 Ο.
488 1374 580 1440 Peter
609 1372 686 1453 (L'iv.
710 1379 742 1439 et
763 1373 870 1458 Polyb.
892 1397 922 1457 p.
946 1373 999 1452 80)
1028 1379 1059 1437 et
1088 1371 1211 1455 Bujaclr
1234 1370 1289 1457 (de
1371 1352 1378 1361 ⁵

196 1482 301 1549 Sileno
324 1485 476 1568 scriptore
499 1483 602 1548 Hann.
626 1506 655 1566 p.
681 1484 714 1562 6)
740 1484 946 1565 scripserunt,
977 1503 1092 1565 negare
1112 1501 1288 1565 possumus.

196 1593 287 1659 Fabii
315 1601 346 1659 et
375 1593 473 1660 Caelii
501 1595 634 1678 vestigia
658 1586 692 1658 in
711 1594 807 1687 rebus
828 1616 849 1659 e
868 1594 992 1659 Zonara
1012 1593 1182 1658 narrandis
1202 1593 1290 1657 inve·
1368 1600 1372 1605 ’

196 1705 337 1785 niuntur,
358 1725 440 1790 quae
461 1706 568 1772 omnia
589 1700 769 1769 comatum
792 1705 858 1771 eius
878 1705 998 1770 fontem
1020 1705 1251 1770 demonstrant.

656 1923 859 1934 *—

555 2230 604 2312 V.
661 2228 923 2308 Plutarchus

283 2473 330 2537 De
351 2472 514 2538 Plutarchi
542 2473 683 2538 fontibus
711 2473 744 2537 in
773 2471 856 2537 bello
884 2471 1002 2537 Punico
1032 2472 1168 2537 secundo
1199 2494 1291 2538 enar-

198 2583 299 2647 rando
322 2583 468 2649 disseruit
489 2584 526 2648 G.
551 2585 661 2649 Soltau
684 2584 790 2665 (Bonn
814 2583 927 2662 1870),
949 2584 1003 2665 qui
1025 2605 1095 2647 cum
1118 2583 1155 2647 Η.
1180 2584 1290 2650 Petere

199 2695 263 2772 (die
285 2694 342 2771 Qu.
364 2695 445 2758 Plut.
468 2696 502 2758 in
523 2694 553 2758 d.
577 2694 683 2759 Leben
706 2694 762 2758 der
785 2693 901 2758 Romer
922 2715 951 2777 p.
975 2693 1031 2775 56)
1053 2694 1087 2757 in
1110 2700 1179 2760 tota
1200 2689 1294 2760 Fabii

197 2805 279 2884 rita,
305 2826 369 2870 non
391 2805 513 2871 Livium
536 2827 556 2870 a
577 2805 748 2872 Plutarcho
770 2807 906 2872 accitum
930 2827 997 2871 esse
1019 2807 1075 2871 sed
1097 2807 1177 2871 Livii
1197 2808 1292 2873 Vale·

182 2919 298 3010 riique
325 2916 456 2983 Maximi
484 2925 646 2984 auctorem
675 2917 815 2983 Caelium
836 2921 908 2983 Ant.
931 2919 1088 3002 intelligit.
1132 2919 1292 2986 Frieders-

199 3027 329 3094 dorffius
350 3029 384 3092 in
404 3029 587 3095 recensione
609 3031 827 3111 quaestionum
850 3031 982 3096 Soltarii
1006 3032 1103 3111 (Gdtt.
1128 3033 1196 3098 Gel.
1213 3006 1301 3098 Anus

161 3185 166 3196 ,
201 3139 294 3218 1871)
317 3160 387 3204 enm
408 3140 548 3206 refutare
569 3147 700 3207 conatus
723 3163 793 3207 cum
817 3141 886 3207 Car.
909 3143 1020 3208 Petero
1044 3144 1164 3225 (Livius
1184 3167 1214 3209 u.
1231 3145 1292 3208 Po-

199 3252 261 3337 lyb.
284 3275 313 3336 p.
338 3251 380 3316 59
402 3250 449 3335 ff.)
476 3253 566 3320 Livio
596 3255 665 3338 ipso
695 3275 786 3321 usum
817 3274 884 3319 esse
904 3254 1111 3321 Plutarchum
1140 3256 1174 3320 in
1201 3250 1293 3333 Fabii

199 3360 266 3426 vita
288 3360 454 3425 existimat.

286 3468 405 3535 Causae
433 3489 514 3551 quae
542 3471 716 3539 Soltavium
743 3478 908 3539 moverunt
928 3479 966 3539 ut
986 3473 1017 3539 Ο.
1041 3475 1144 3541 Peteri
1167 3482 1292 3544 senten-

200 3581 263 3647 tiae
285 3579 426 3647 obstaret
447 3587 521 3648 sunt
542 3582 618 3648 hae:

289 3696 320 3770 1)
347 3715 376 3759 v.
399 3692 474 3760 Fab.
498 3694 519 3758 4
546 3694 601 3773 (cl.
628 3694 695 3760 Lir.
727 3696 777 3760 22.
808 3697 925 3776 9-10)
954 3697 1143 3763 Plutarchus
1169 3700 1292 3782 priscae

186 3787 357 3874 'formulae
378 3807 473 3872 verba
495 3807 651 3874 nonnulla
672 3808 766 3873 addit
786 3803 889 3896 „dom
908 3802 1044 3888 Ἰταλίας
1065 3803 1123 3898 ὅρη
1144 3813 1236 3877 new

286 3916 320 3996 2)
349 3937 377 3980 ι.
406 3916 482 3982 Feb.
515 3916 533 3979 7
566 3916 619 4001 (cf.
644 3917 710 3982 Lir.
735 3918 785 3981 22.
809 3919 863 4000 23)
895 3919 1016 3985 duabus
1046 3923 1293 3991 narratiunculis

99 4061 100 4064 ¹
202 4027 412 4095 Hannibalem
445 4029 481 4106 Q.
510 4029 602 4096 naun
632 4028 717 4094 Max.
750 4029 916 4096 dictatoris
947 4051 1024 4114 egro
1055 4035 1231 4118 pepercisse
1260 4040 1293 4100 et
