2858 4612
672 254 720 327 14

229 451 325 519 Nullo
347 454 418 519 loco
433 453 598 538 Polybium
619 455 749 521 nomina
772 458 971 541 scriptorum,
993 478 1073 541 quos
1090 458 1242 540 sequitur,

145 564 287 648 proferre
308 565 459 644 vidimus,
492 565 547 631 sed
568 570 693 632 tentum
715 588 769 634 eos
792 570 986 655 συγγραφεῖς
1006 574 1064 634 aut
1084 564 1243 656 γεγραφό-

144 699 204 754 τας
226 683 285 752 etc.
307 698 500 762 nuncupare.
594 680 603 697 ²

229 789 329 855 Paulo
352 790 532 874 diligentius
553 790 588 855 in
609 791 693 856 hanc
715 790 754 856 de
774 789 898 874 Polybii
917 790 1059 856 fontibus
1081 790 1243 872 quaestio-

144 921 218 966 nem
238 902 470 984 inquisivimus,
493 901 568 983 quia
589 900 730 966 nondum
753 901 829 965 satis
852 901 993 967 exhibita
1014 901 1149 965 multum
1171 921 1242 966 meo

145 1012 271 1095 quidem
292 1013 408 1078 iudicio
428 1012 471 1077 ad
489 1019 607 1078 rectam
625 1014 717 1079 huius
739 1013 900 1096 scriptoris
916 1011 1124 1094 cognitionem
1140 1007 1240 1074 affert.

231 1124 370 1190 Consilio
391 1123 473 1189 forte
495 1123 670 1206 legentibus
692 1107 873 1188 thaditiouis
895 1123 1047 1206 originem
1063 1121 1242 1186 dissimula-

143 1233 217 1312 bat,
245 1235 321 1317 quia
341 1234 407 1318 ipse
429 1235 548 1318 primus
570 1233 736 1299 historiam
757 1233 962 1299 universalem
987 1233 1123 1298 seribere
1144 1239 1241 1314 atque

145 1362 252 1408 omnes
275 1343 355 1409 alios
378 1343 556 1426 scriptores,
578 1343 633 1426 qui
654 1343 850 1427 singularum
872 1348 1029 1409 terrarum
1044 1348 1237 1426 temporum-

31 1442 41 1456 ‘
146 1474 207 1537 que
229 1454 393 1525 historiam
417 1455 585 1520 memoriae
605 1455 816 1535 tradiderunt,
837 1456 871 1519 in
893 1476 990 1520 unum
1012 1453 1159 1537 colligere
1175 1459 1241 1518 stu-

145 1564 250 1632 debat.
599 1545 602 1552 ’

230 1675 313 1741 Dum
342 1676 511 1759 scriptores
540 1681 665 1742 tantum
693 1676 871 1754 Philinum,
906 1674 1057 1754 Fabium,
1095 1675 1239 1755 Aratum,

144 1783 369 1870 Phylarchum,
389 1785 556 1865 Zenonem,
579 1786 798 1852 Antisthenem
818 1791 856 1850 ut
877 1764 1061 1850 landet'aut
1074 1784 1241 1869 vituperet,
1298 1764 1310 1800 ⁵

9 1915 11 1918 ⁴
121 1897 303 1976 nominat,
339 1917 410 1962 eum
432 1901 540 1962 tamen
559 1897 643 1967 alios
665 1917 791 1979 quoque
813 1902 955 1961 secutum
976 1915 1043 2000 qsse
1065 1895 1142 1960 satis
1165 1916 1241 1960 eon-

144 2013 226 2088 stat,
257 2007 313 2090 qui
340 2007 527 2091 plerumque
555 2012 663 2075 tamen
693 2007 851 2074 nominari
880 2011 1050 2089 nequeunt.
1093 2006 1131 2069 In
1156 2006 1239 2071 libro

145 2119 240 2186 tertio
263 2119 411 2204 Polybius
437 2125 564 2204 praeter
591 2120 720 2187 titulum
742 2122 775 2185 in
797 2118 927 2185 Iunonis
949 2118 1099 2183 Laciniae
1119 2118 1239 2201 templo

143 2229 335 2314 insculptum
356 2230 523 2313 quinquies
550 2230 654 2296 fontes
680 2250 754 2296 suos
780 2230 891 2296 laudat
919 2229 968 2294 bis
990 2228 1125 2294 Fabium
1146 2249 1239 2311 quem

144 2341 280 2421 refutat,
310 2341 359 2408 his
382 2342 657 2426 Carthaginienses
678 2342 865 2421 relationes,
902 2361 981 2424 quas
1003 2349 1037 2406 se
1058 2346 1238 2408 secuturum

144 2473 212 2519 esse
233 2452 412 2536 pollicetur,
433 2453 493 2533 bis,
522 2458 559 2519 ut
579 2452 715 2518 vidimus
736 2451 884 2535 aequales
905 2452 972 2516 eius
992 2451 1069 2517 belli
1090 2453 1123 2516 in
1145 2452 1239 2517 rebus

66 2638 67 2643 .
143 2567 238 2649 gestis
259 2566 336 2650 ipsis
358 2564 552 2631 enarrandis.
595 2565 708 2648 Itaque
727 2550 887 2631 Romanas
909 2586 946 2629 ac
965 2564 1239 2648 Carthaginienses

144 2678 312 2744 relationes
333 2681 370 2742 ut
390 2677 472 2742 libro
494 2677 596 2761 primo
619 2697 694 2760 ergo
714 2676 775 2742 hoc
796 2676 877 2741 libro
900 2697 1025 2760 quoque
1046 2679 1237 2760 permiscuit.

227 2789 255 2854 E
277 2788 529 2879 Carthaginiensi
549 2788 704 2861 relatione
725 2795 810 2853 certe
832 2788 1007 2873 descripsit:

229 2903 263 2984 1)
293 2900 334 2966 ab
366 2899 545 2965 Hannibale
576 2904 739 2983 susceptas
772 2900 985 2984 expeditiones
1021 2901 1054 2966 in
1084 2901 1239 2986 Hispania

142 3012 317 3078 aestatibus
338 3032 494 3077 annorum
515 3012 576 3076 221
600 3018 633 3077 et
653 3013 734 3091 220,
769 3012 824 3078 ubi
845 3016 1013 3098 praecipue
1034 3015 1159 3081 urbium
1181 3038 1239 3082 no-

142 3125 228 3190 mina
250 3124 408 3189 Graecum
429 3124 549 3190 fontem
572 3124 743 3189 ostendunt
765 3125 888 3209 (Polyb.
911 3119 1075 3206 Ἀλθαία,
1102 3120 1238 3214 Ἀρβου-

142 3232 242 3323 κάλη,
263 3229 470 3322 Ἐλμαναική,
499 3236 567 3302 Lir.
589 3236 735 3316 Cartala,
757 3237 934 3316 Arbocola,
956 3238 1184 3325 Hermandica)
1206 3247 1239 3307 et

142 3344 331 3410 Hannibalis
352 3344 386 3408 in
407 3344 446 3409 iis
468 3345 686 3427 expugnandis
708 3343 838 3410 consilia
862 3346 942 3424 (Pol.
964 3346 994 3411 3.
1020 3348 1171 3428 14-15);

228 3455 264 3537 2)
285 3455 461 3520 Romanam
481 3455 670 3540 legationem
684 3457 717 3522 in
732 3456 921 3523 Hannibalis
943 3463 1056 3524 castris
1077 3462 1112 3526 in
1133 3461 1237 3528 hieme

142 3565 405 3651 220119(P01.3.
430 3567 485 3644 15)
507 3569 650 3647 missam,
678 3588 759 3651 quae
780 3569 865 3654 apud
886 3570 952 3636 Liv.
976 3573 1041 3653 (21.
1066 3573 1112 3656 9.)
1136 3573 1237 3639 diver-

142 3696 212 3741 sum
233 3675 267 3740 in
289 3673 417 3740 modum
438 3681 596 3742 narratur.

227 3787 263 3872 3)
291 3786 390 3869 (P.3.
415 3786 467 3863 17)
496 3808 624 3868 causas,
657 3810 739 3871 quae
761 3789 971 3856 Hannibalem
998 3790 1040 3856 ad
1061 3790 1237 3875 Saguntum

141 3896 385 3981 expugnandum
421 3905 565 3980 mouent,
607 3901 696 3967 urbis
731 3905 993 3988 expugnationem
1031 3911 1062 3970 et
1097 3907 1237 3991 praedae

141 4009 401 4093 dispertitionem.

45 4240 184 4344 η.
