2858 4612
570 259 727 368 ’νε

150 509 234 560 nem·
255 495 321 560 fere
352 495 558 580 Polybianam
590 495 793 562 traditionem
823 497 857 562 in
886 497 1078 565 Hannibalis
1107 501 1252 567 tomitem

150 608 290 676 Silenum
311 608 430 674 referre
451 609 626 692 potuimus,
647 631 741 693 quem
762 614 798 675 ut
819 611 901 677 solet
922 633 1078 696 nusquam
1099 615 1252 683 nominst’

150 718 255 787 verbis
276 725 401 786 tantum
422 720 534 785 laudat
1086 798 1089 804 ,

167 889 169 896 2
237 831 311 896 3.6
345 827 427 898 ἔνιοι
448 835 515 895 τῶν
541 827 807 918 συγγεγραφότων
827 829 888 910 τὰς
908 827 978 898 κατ’
994 827 1147 917 Ἀννίβαν
1169 830 1254 922 ντρά-

150 942 229 1022 ξεις,
268 941 297 1004 3.
320 940 371 1004 47.
395 941 415 1004 6
443 936 526 1006 ἔνιοι
554 943 620 1004 τῶν
648 937 855 1028 γεγραφότων
881 938 959 1026 ντερὶ
987 947 1046 1031 τῆς
1066 938 1254 1032 ὖντερβολῆς

149 1045 284 1136 ταύτης,
322 1051 350 1114 3.
374 1051 469 1116 59.7
500 1047 777 1134 παρατετεοχότες
805 1055 877 1130 τοῖς
903 1057 1043 1140 καιροῖς,
1082 1054 1112 1119 3.
1137 1052 1251 1121 105.8

153 1159 428 1246 παραγενομένοις
449 1153 527 1247 παρ’
543 1154 642 1226 αὐτὸν
663 1157 721 1226 τὸν
741 1157 897 1227 κίνδυνον.
918 1200 961 1213 —
993 1156 1105 1229 Verbis
1127 1163 1157 1229 3.
1179 1162 1252 1235 ab,

151 1269 238 1357 „tyni
260 1271 297 1339 δὲ
318 1270 404 1360 φημὶ
425 1271 486 1356 μὲν
507 1273 575 1338 δεῖν
589 1266 651 1337 οὔτ’
670 1271 705 1338 ἐν
725 1278 831 1360 μικρῷ
853 1271 1174 1359 προσλαμβάνεσθαι
1195 1273 1254 1363 τὴν

151 1388 210 1449 τοῦ
223 1384 442 1471 οογγραφέως
464 1379 580 1450 πίστιν
602 1385 721 1469 (Fabii)
744 1379 804 1450 oda
824 1380 983 1474 αὐτοτελῆ
1004 1385 1041 1454 δὲ
1062 1383 1189 1474 κρίνειν,
1212 1385 1251 1453 τὸ

152 1494 189 1562 δὲ
211 1496 328 1561 πλεῖον
349 1494 385 1577 ἐξ
404 1489 511 1560 αὐτῶν
532 1500 597 1561 τῶν
619 1492 820 1583 πραγμάτων
846 1501 1023 1562 ποιεῖσθαι
1045 1493 1122 1574 τούς
1142 1489 1254 1582 ἄναγο-

57 1627 63 1631 ·
152 1599 337 1683 νωσκοντας
358 1601 418 1683 τὰς
440 1599 657 1686 δοκιμασίαςιί
686 1600 852 1688 Polybium
874 1624 999 1686 quoque
1020 1605 1162 1671 Silenum
1184 1605 1252 1670 Sci-

152 1718 333 1803 pionesque,
356 1719 411 1800 qui
432 1717 526 1782 rebus
548 1716 692 1799 gerendis
714 1718 775 1800 ipsi
790 1716 999 1795 interfuerint,
1022 1736 1056 1782 se
1072 1722 1253 1782 secuturum

152 1850 221 1895 esse
242 1830 386 1913 pollioeri
409 1820 520 1895 censeo
542 1829 746 1911 Fabiumque,
767 1829 802 1893 in
816 1849 910 1911 quem
931 1829 992 1894 hoe
1006 1829 1077 1895 loeo
1093 1829 1136 1909 (3.
1152 1828 1254 1914 8-9)

152 1939 334 2023 gravissime
355 1937 514 2009 invehitur
535 1957 665 2022 prorsus
687 1938 814 2001 reicere.

237 2048 381 2112 Silenum
403 2048 461 2114 sub
483 2043 663 2114 Hannibale
692 2046 844 2111 militasse
872 2067 985 2128 rosque
1013 2046 1055 2111 ab
1083 2065 1120 2111 eo
1148 2051 1254 2132 gestas

152 2156 252 2223 literis
274 2151 441 2224 mendesio
462 2157 701 2242 diligentissime
724 2157 803 2222 satis
825 2161 950 2222 constat
976 2154 1025 2236 (0.
1047 2154 1125 2238 Nep.
1148 2155 1253 2222 Hann.

111 2348 113 2357 ,
155 2269 212 2349 13,
249 2268 311 2334 (lie.
336 2269 375 2334 de
396 2269 457 2334 div.
483 2271 510 2332 1.
533 2268 598 2339 211.
642 2268 723 2333 Erat
744 2268 827 2333 enim
849 2288 921 2332 oum
943 2265 1124 2333 Hannibale
1144 2267 1179 2333 in
1200 2288 1254 2334 oa-

150 2377 224 2443 stris
246 2376 402 2459 simulque
422 2376 501 2441 vixit
522 2397 617 2458 quam
640 2377 695 2442 diu
716 2377 845 2442 fortuna
866 2395 961 2460 passa
982 2381 1040 2442 est.

236 2488 398 2570 Perpauoa
425 2485 619 2569 fragmenta,
652 2507 735 2569 quae
761 2491 889 2553 exstant
911 2486 1052 2561 Silenum
1072 2487 1199 2557 veritati
1219 2493 1253 2557 et

66 2630 70 2650 ¹
151 2605 320 2666 accuratae
342 2597 524 2681 diligentiae
545 2596 702 2664 studuisse
724 2596 904 2663 ostendunt.
1032 2653 1033 2657 ,
1241 2654 1255 2664 ,.

236 2709 281 2775 Ut
301 2706 481 2774 Alexander
501 2706 636 2791 Magnus
659 2707 902 2786 Callisthenem,
928 2705 1160 2787 Ptolemaeum,
1180 2707 1254 2775 Ari·

151 2821 327 2900 stobulum,
363 2826 400 2885 ut
423 2819 596 2898 Eumenes,
630 2821 824 2904 Antigonus,
859 2819 1038 2885 Demetrius
1062 2819 1252 2887 Poliorcetes
1369 2844 1377 2850 ²

151 2934 378 3016 Hieronymum
400 2929 601 3011 Gordianum,
621 2935 659 2997 ut
679 2930 872 3016 Agathooles
887 2930 1021 2997 Calliam
1037 2931 1252 2999 Antandrum·

152 3064 214 3126 que
243 3042 423 3109 laudatores
451 3064 492 3109 ao
518 3064 625 3110 rerum
654 3065 674 3108 a
701 3065 736 3109 se
756 3047 915 3127 gestarum
938 3052 1110 3126 praecones
1130 3042 1252 3110 habue-

39 3202 47 3210 ,
151 3160 236 3234 runt,
259 3155 304 3220 sie
326 3154 450 3221 Silenus
465 3156 647 3239 Sosilusque
668 3154 858 3221 Hannibalis
878 3175 985 3221 rerum
1006 3160 1166 3239 gestarum
1187 3155 1251 3241 ipsi

151 3273 344 3353 spectatores
366 3288 419 3333 eas
441 3267 679 3350 diligentissime
701 3268 871 3335 memoriae
891 3268 1093 3334 mandarunt.

235 3381 407 3464 Propterea
427 3381 576 3464 Polybius
591 3381 731 3447 Silenum
752 3380 951 3463 potissimum
971 3380 1057 3446 illius
1078 3380 1154 3446 belli
1172 3375 1251 3448 sori*

151 3499 275 3578 ptorem
296 3498 422 3559 secutus
443 3491 577 3559 Fabium
599 3493 654 3576 qui
674 3492 784 3578 populi
798 3493 933 3559 Romani
955 3494 1062 3558 amore
1081 3493 1250 3578 studioque

151 3606 252 3673 multa
273 3606 424 3671 mentitus
444 3611 494 3671 est
515 3605 563 3685 (P.
588 3606 616 3668 1.
640 3604 694 3687 14)
714 3625 844 3688 prorsus
865 3603 930 3670 fere
951 3603 1099 3686 neglexit.
1229 3638 1232 3643 ¹

581 3797 784 3807 -—-——-
